<?xml version="1.0" encoding="UTF-8" standalone="yes"?>
<DATA xmlns:xsi="http://www.w3.org/2001/XMLSchema-instance">
    <ENVELOPE>
        <HEADER>
            <TALLYREQUEST>IMPORT_DATA</TALLYREQUEST>
        </HEADER>
        <BODY>
            <IMPORTDATA>
                <REQUESTDESC>
                    <REPORTNAME>VOUCHERS</REPORTNAME>
                    <STATICVARIABLES>
                        <SVCURRENTCOMPANY>Karan Mewara - (from 1-Apr-2021)</SVCURRENTCOMPANY>
                    </STATICVARIABLES>
                </REQUESTDESC>
                <REQUESTDESC>
                    <TALLYMESSAGE>
                        <VOUCHER ACTION="CREATE" VCHTYPE="PURCHASE">
                            <VOUCHERTYPENAME>PURCHASE</VOUCHERTYPENAME>
                            <ISINVOICE>YES</ISINVOICE>
                            <DATE>20220910</DATE>
                            <REFERENCEDATE>20220910</REFERENCEDATE>
                            <REFERENCE>81822</REFERENCE>
                            <PARTYLEDGERNAME>Rudraksh Electronics</PARTYLEDGERNAME>
                            <NARRATION>Utils Import:Goods Purchase</NARRATION>
                            <EFFECTIVEDATE>20220910</EFFECTIVEDATE>
                            <ALLLEDGERENTRIES.LIST>
<LEDGERNAME>Rudraksh Electronics</LEDGERNAME>
<REMOVEZEROENTRIES>YES</REMOVEZEROENTRIES>
<LEDGERFROMITEM>NO</LEDGERFROMITEM>
<ISDEEMEDPOSITIVE>NO</ISDEEMEDPOSITIVE>
<AMOUNT>42000.0</AMOUNT>
                            </ALLLEDGERENTRIES.LIST>
                            <ALLLEDGERENTRIES.LIST>
<LEDGERNAME>Purchase 28%</LEDGERNAME>
<REMOVEZEROENTRIES>YES</REMOVEZEROENTRIES>
<LEDGERFROMITEM>NO</LEDGERFROMITEM>
<ISDEEMEDPOSITIVE>YES</ISDEEMEDPOSITIVE>
<AMOUNT>-32812.51</AMOUNT>
                            </ALLLEDGERENTRIES.LIST>
                            <ALLLEDGERENTRIES.LIST>
<LEDGERNAME>Input IGST 28%</LEDGERNAME>
<REMOVEZEROENTRIES>YES</REMOVEZEROENTRIES>
<LEDGERFROMITEM>NO</LEDGERFROMITEM>
<ISDEEMEDPOSITIVE>YES</ISDEEMEDPOSITIVE>
<AMOUNT>-9187.51</AMOUNT>
                            </ALLLEDGERENTRIES.LIST>
                            <ALLLEDGERENTRIES.LIST>
<LEDGERNAME>R Off</LEDGERNAME>
<REMOVEZEROENTRIES>YES</REMOVEZEROENTRIES>
<LEDGERFROMITEM>NO</LEDGERFROMITEM>
<ISDEEMEDPOSITIVE>YES</ISDEEMEDPOSITIVE>
<AMOUNT>0.02</AMOUNT>
                            </ALLLEDGERENTRIES.LIST>
                        </VOUCHER>
                    </TALLYMESSAGE>
                </REQUESTDESC>
            </IMPORTDATA>
        </BODY>
    </ENVELOPE>
    <ENVELOPE>
        <HEADER>
            <TALLYREQUEST>IMPORT_DATA</TALLYREQUEST>
        </HEADER>
        <BODY>
            <IMPORTDATA>
                <REQUESTDESC>
                    <REPORTNAME>VOUCHERS</REPORTNAME>
                    <STATICVARIABLES>
                        <SVCURRENTCOMPANY>Karan Mewara - (from 1-Apr-2021)</SVCURRENTCOMPANY>
                    </STATICVARIABLES>
                </REQUESTDESC>
                <REQUESTDESC>
                    <TALLYMESSAGE>
                        <VOUCHER ACTION="CREATE" VCHTYPE="PURCHASE">
                            <VOUCHERTYPENAME>PURCHASE</VOUCHERTYPENAME>
                            <ISINVOICE>YES</ISINVOICE>
                            <DATE>20220927</DATE>
                            <REFERENCEDATE>20220927</REFERENCEDATE>
                            <REFERENCE>769</REFERENCE>
                            <PARTYLEDGERNAME>Arvind Textile</PARTYLEDGERNAME>
                            <NARRATION>Utils Import:Goods Purchase</NARRATION>
                            <EFFECTIVEDATE>20220927</EFFECTIVEDATE>
                            <ALLLEDGERENTRIES.LIST>
<LEDGERNAME>Arvind Textile</LEDGERNAME>
<REMOVEZEROENTRIES>YES</REMOVEZEROENTRIES>
<LEDGERFROMITEM>NO</LEDGERFROMITEM>
<ISDEEMEDPOSITIVE>NO</ISDEEMEDPOSITIVE>
<AMOUNT>25211.0</AMOUNT>
                            </ALLLEDGERENTRIES.LIST>
                            <ALLLEDGERENTRIES.LIST>
<LEDGERNAME>Purchase 5%</LEDGERNAME>
<REMOVEZEROENTRIES>YES</REMOVEZEROENTRIES>
<LEDGERFROMITEM>NO</LEDGERFROMITEM>
<ISDEEMEDPOSITIVE>YES</ISDEEMEDPOSITIVE>
<AMOUNT>-24010.0</AMOUNT>
                            </ALLLEDGERENTRIES.LIST>
                            <ALLLEDGERENTRIES.LIST>
<LEDGERNAME>Input IGST 5%</LEDGERNAME>
<REMOVEZEROENTRIES>YES</REMOVEZEROENTRIES>
<LEDGERFROMITEM>NO</LEDGERFROMITEM>
<ISDEEMEDPOSITIVE>YES</ISDEEMEDPOSITIVE>
<AMOUNT>-1200.5</AMOUNT>
                            </ALLLEDGERENTRIES.LIST>
                            <ALLLEDGERENTRIES.LIST>
<LEDGERNAME>R Off</LEDGERNAME>
<REMOVEZEROENTRIES>YES</REMOVEZEROENTRIES>
<LEDGERFROMITEM>NO</LEDGERFROMITEM>
<ISDEEMEDPOSITIVE>YES</ISDEEMEDPOSITIVE>
<AMOUNT>-0.5</AMOUNT>
                            </ALLLEDGERENTRIES.LIST>
                        </VOUCHER>
                    </TALLYMESSAGE>
                </REQUESTDESC>
            </IMPORTDATA>
        </BODY>
    </ENVELOPE>
    <ENVELOPE>
        <HEADER>
            <TALLYREQUEST>IMPORT_DATA</TALLYREQUEST>
        </HEADER>
        <BODY>
            <IMPORTDATA>
                <REQUESTDESC>
                    <REPORTNAME>VOUCHERS</REPORTNAME>
                    <STATICVARIABLES>
                        <SVCURRENTCOMPANY>Karan Mewara - (from 1-Apr-2021)</SVCURRENTCOMPANY>
                    </STATICVARIABLES>
                </REQUESTDESC>
                <REQUESTDESC>
                    <TALLYMESSAGE>
                        <VOUCHER ACTION="CREATE" VCHTYPE="PURCHASE">
                            <VOUCHERTYPENAME>PURCHASE</VOUCHERTYPENAME>
                            <ISINVOICE>YES</ISINVOICE>
                            <DATE>20220927</DATE>
                            <REFERENCEDATE>20220927</REFERENCEDATE>
                            <REFERENCE>19642</REFERENCE>
                            <PARTYLEDGERNAME>Ajmera Fashion Private Limited</PARTYLEDGERNAME>
                            <NARRATION>Utils Import:Goods Purchase</NARRATION>
                            <EFFECTIVEDATE>20220927</EFFECTIVEDATE>
                            <ALLLEDGERENTRIES.LIST>
<LEDGERNAME>Ajmera Fashion Private Limited</LEDGERNAME>
<REMOVEZEROENTRIES>YES</REMOVEZEROENTRIES>
<LEDGERFROMITEM>NO</LEDGERFROMITEM>
<ISDEEMEDPOSITIVE>NO</ISDEEMEDPOSITIVE>
<AMOUNT>69932.0</AMOUNT>
                            </ALLLEDGERENTRIES.LIST>
                            <ALLLEDGERENTRIES.LIST>
<LEDGERNAME>Purchase 5%</LEDGERNAME>
<REMOVEZEROENTRIES>YES</REMOVEZEROENTRIES>
<LEDGERFROMITEM>NO</LEDGERFROMITEM>
<ISDEEMEDPOSITIVE>YES</ISDEEMEDPOSITIVE>
<AMOUNT>-66602.0</AMOUNT>
                            </ALLLEDGERENTRIES.LIST>
                            <ALLLEDGERENTRIES.LIST>
<LEDGERNAME>Input IGST 5%</LEDGERNAME>
<REMOVEZEROENTRIES>YES</REMOVEZEROENTRIES>
<LEDGERFROMITEM>NO</LEDGERFROMITEM>
<ISDEEMEDPOSITIVE>YES</ISDEEMEDPOSITIVE>
<AMOUNT>-3330.1</AMOUNT>
                            </ALLLEDGERENTRIES.LIST>
                            <ALLLEDGERENTRIES.LIST>
<LEDGERNAME>R Off</LEDGERNAME>
<REMOVEZEROENTRIES>YES</REMOVEZEROENTRIES>
<LEDGERFROMITEM>NO</LEDGERFROMITEM>
<ISDEEMEDPOSITIVE>YES</ISDEEMEDPOSITIVE>
<AMOUNT>0.1</AMOUNT>
                            </ALLLEDGERENTRIES.LIST>
                        </VOUCHER>
                    </TALLYMESSAGE>
                </REQUESTDESC>
            </IMPORTDATA>
        </BODY>
    </ENVELOPE>
    <ENVELOPE>
        <HEADER>
            <TALLYREQUEST>IMPORT_DATA</TALLYREQUEST>
        </HEADER>
        <BODY>
            <IMPORTDATA>
                <REQUESTDESC>
                    <REPORTNAME>VOUCHERS</REPORTNAME>
                    <STATICVARIABLES>
                        <SVCURRENTCOMPANY>Karan Mewara - (from 1-Apr-2021)</SVCURRENTCOMPANY>
                    </STATICVARIABLES>
                </REQUESTDESC>
                <REQUESTDESC>
                    <TALLYMESSAGE>
                        <VOUCHER ACTION="CREATE" VCHTYPE="PURCHASE">
                            <VOUCHERTYPENAME>PURCHASE</VOUCHERTYPENAME>
                            <ISINVOICE>YES</ISINVOICE>
                            <DATE>20220928</DATE>
                            <REFERENCEDATE>20220928</REFERENCEDATE>
                            <REFERENCE>19820</REFERENCE>
                            <PARTYLEDGERNAME>Ajmera Fashion Private Limited</PARTYLEDGERNAME>
                            <NARRATION>Utils Import:Goods Purchase</NARRATION>
                            <EFFECTIVEDATE>20220928</EFFECTIVEDATE>
                            <ALLLEDGERENTRIES.LIST>
<LEDGERNAME>Ajmera Fashion Private Limited</LEDGERNAME>
<REMOVEZEROENTRIES>YES</REMOVEZEROENTRIES>
<LEDGERFROMITEM>NO</LEDGERFROMITEM>
<ISDEEMEDPOSITIVE>NO</ISDEEMEDPOSITIVE>
<AMOUNT>36393.0</AMOUNT>
                            </ALLLEDGERENTRIES.LIST>
                            <ALLLEDGERENTRIES.LIST>
<LEDGERNAME>Purchase 5%</LEDGERNAME>
<REMOVEZEROENTRIES>YES</REMOVEZEROENTRIES>
<LEDGERFROMITEM>NO</LEDGERFROMITEM>
<ISDEEMEDPOSITIVE>YES</ISDEEMEDPOSITIVE>
<AMOUNT>-34660.0</AMOUNT>
                            </ALLLEDGERENTRIES.LIST>
                            <ALLLEDGERENTRIES.LIST>
<LEDGERNAME>Input IGST 5%</LEDGERNAME>
<REMOVEZEROENTRIES>YES</REMOVEZEROENTRIES>
<LEDGERFROMITEM>NO</LEDGERFROMITEM>
<ISDEEMEDPOSITIVE>YES</ISDEEMEDPOSITIVE>
<AMOUNT>-1733.0</AMOUNT>
                            </ALLLEDGERENTRIES.LIST>
                        </VOUCHER>
                    </TALLYMESSAGE>
                </REQUESTDESC>
            </IMPORTDATA>
        </BODY>
    </ENVELOPE>
    <ENVELOPE>
        <HEADER>
            <TALLYREQUEST>IMPORT_DATA</TALLYREQUEST>
        </HEADER>
        <BODY>
            <IMPORTDATA>
                <REQUESTDESC>
                    <REPORTNAME>VOUCHERS</REPORTNAME>
                    <STATICVARIABLES>
                        <SVCURRENTCOMPANY>Karan Mewara - (from 1-Apr-2021)</SVCURRENTCOMPANY>
                    </STATICVARIABLES>
                </REQUESTDESC>
                <REQUESTDESC>
                    <TALLYMESSAGE>
                        <VOUCHER ACTION="CREATE" VCHTYPE="PURCHASE">
                            <VOUCHERTYPENAME>PURCHASE</VOUCHERTYPENAME>
                            <ISINVOICE>YES</ISINVOICE>
                            <DATE>20220928</DATE>
                            <REFERENCEDATE>20220928</REFERENCEDATE>
                            <REFERENCE>G/1952</REFERENCE>
                            <PARTYLEDGERNAME>Rajul Sarees</PARTYLEDGERNAME>
                            <NARRATION>Utils Import:Goods Purchase</NARRATION>
                            <EFFECTIVEDATE>20220928</EFFECTIVEDATE>
                            <ALLLEDGERENTRIES.LIST>
<LEDGERNAME>Rajul Sarees</LEDGERNAME>
<REMOVEZEROENTRIES>YES</REMOVEZEROENTRIES>
<LEDGERFROMITEM>NO</LEDGERFROMITEM>
<ISDEEMEDPOSITIVE>NO</ISDEEMEDPOSITIVE>
<AMOUNT>33718.0</AMOUNT>
                            </ALLLEDGERENTRIES.LIST>
                            <ALLLEDGERENTRIES.LIST>
<LEDGERNAME>Purchase 5%</LEDGERNAME>
<REMOVEZEROENTRIES>YES</REMOVEZEROENTRIES>
<LEDGERFROMITEM>NO</LEDGERFROMITEM>
<ISDEEMEDPOSITIVE>YES</ISDEEMEDPOSITIVE>
<AMOUNT>-32112.0</AMOUNT>
                            </ALLLEDGERENTRIES.LIST>
                            <ALLLEDGERENTRIES.LIST>
<LEDGERNAME>Input IGST 5%</LEDGERNAME>
<REMOVEZEROENTRIES>YES</REMOVEZEROENTRIES>
<LEDGERFROMITEM>NO</LEDGERFROMITEM>
<ISDEEMEDPOSITIVE>YES</ISDEEMEDPOSITIVE>
<AMOUNT>-1605.6</AMOUNT>
                            </ALLLEDGERENTRIES.LIST>
                            <ALLLEDGERENTRIES.LIST>
<LEDGERNAME>R Off</LEDGERNAME>
<REMOVEZEROENTRIES>YES</REMOVEZEROENTRIES>
<LEDGERFROMITEM>NO</LEDGERFROMITEM>
<ISDEEMEDPOSITIVE>YES</ISDEEMEDPOSITIVE>
<AMOUNT>-0.4</AMOUNT>
                            </ALLLEDGERENTRIES.LIST>
                        </VOUCHER>
                    </TALLYMESSAGE>
                </REQUESTDESC>
            </IMPORTDATA>
        </BODY>
    </ENVELOPE>
    <ENVELOPE>
        <HEADER>
            <TALLYREQUEST>IMPORT_DATA</TALLYREQUEST>
        </HEADER>
        <BODY>
            <IMPORTDATA>
                <REQUESTDESC>
                    <REPORTNAME>VOUCHERS</REPORTNAME>
                    <STATICVARIABLES>
                        <SVCURRENTCOMPANY>Karan Mewara - (from 1-Apr-2021)</SVCURRENTCOMPANY>
                    </STATICVARIABLES>
                </REQUESTDESC>
                <REQUESTDESC>
                    <TALLYMESSAGE>
                        <VOUCHER ACTION="CREATE" VCHTYPE="PURCHASE">
                            <VOUCHERTYPENAME>PURCHASE</VOUCHERTYPENAME>
                            <ISINVOICE>YES</ISINVOICE>
                            <DATE>20220924</DATE>
                            <REFERENCEDATE>20220924</REFERENCEDATE>
                            <REFERENCE>BM2327I009605304</REFERENCE>
                            <PARTYLEDGERNAME>Bharati Airtel Limited</PARTYLEDGERNAME>
                            <NARRATION>Utils Import:Goods Purchase</NARRATION>
                            <EFFECTIVEDATE>20220924</EFFECTIVEDATE>
                            <ALLLEDGERENTRIES.LIST>
<LEDGERNAME>Bharati Airtel Limited</LEDGERNAME>
<REMOVEZEROENTRIES>YES</REMOVEZEROENTRIES>
<LEDGERFROMITEM>NO</LEDGERFROMITEM>
<ISDEEMEDPOSITIVE>NO</ISDEEMEDPOSITIVE>
<AMOUNT>1656.72</AMOUNT>
                            </ALLLEDGERENTRIES.LIST>
                            <ALLLEDGERENTRIES.LIST>
<LEDGERNAME>Purchase 18%</LEDGERNAME>
<REMOVEZEROENTRIES>YES</REMOVEZEROENTRIES>
<LEDGERFROMITEM>NO</LEDGERFROMITEM>
<ISDEEMEDPOSITIVE>YES</ISDEEMEDPOSITIVE>
<AMOUNT>-1404.0</AMOUNT>
                            </ALLLEDGERENTRIES.LIST>
                            <ALLLEDGERENTRIES.LIST>
<LEDGERNAME>Input CGST 9%</LEDGERNAME>
<REMOVEZEROENTRIES>YES</REMOVEZEROENTRIES>
<LEDGERFROMITEM>NO</LEDGERFROMITEM>
<ISDEEMEDPOSITIVE>YES</ISDEEMEDPOSITIVE>
<AMOUNT>-126.36</AMOUNT>
                            </ALLLEDGERENTRIES.LIST>
                            <ALLLEDGERENTRIES.LIST>
<LEDGERNAME>Input SGST 9%</LEDGERNAME>
<REMOVEZEROENTRIES>YES</REMOVEZEROENTRIES>
<LEDGERFROMITEM>NO</LEDGERFROMITEM>
<ISDEEMEDPOSITIVE>YES</ISDEEMEDPOSITIVE>
<AMOUNT>-126.36</AMOUNT>
                            </ALLLEDGERENTRIES.LIST>
                        </VOUCHER>
                    </TALLYMESSAGE>
                </REQUESTDESC>
            </IMPORTDATA>
        </BODY>
    </ENVELOPE>
    <ENVELOPE>
        <HEADER>
            <TALLYREQUEST>IMPORT_DATA</TALLYREQUEST>
        </HEADER>
        <BODY>
            <IMPORTDATA>
                <REQUESTDESC>
                    <REPORTNAME>VOUCHERS</REPORTNAME>
                    <STATICVARIABLES>
                        <SVCURRENTCOMPANY>Karan Mewara - (from 1-Apr-2021)</SVCURRENTCOMPANY>
                    </STATICVARIABLES>
                </REQUESTDESC>
                <REQUESTDESC>
                    <TALLYMESSAGE>
                        <VOUCHER ACTION="CREATE" VCHTYPE="PURCHASE">
                            <VOUCHERTYPENAME>PURCHASE</VOUCHERTYPENAME>
                            <ISINVOICE>YES</ISINVOICE>
                            <DATE>20220901</DATE>
                            <REFERENCEDATE>20220901</REFERENCEDATE>
                            <REFERENCE>CIG/22-23/210</REFERENCE>
                            <PARTYLEDGERNAME>Bombay Agency</PARTYLEDGERNAME>
                            <NARRATION>Utils Import:Goods Purchase</NARRATION>
                            <EFFECTIVEDATE>20220901</EFFECTIVEDATE>
                            <ALLLEDGERENTRIES.LIST>
<LEDGERNAME>Bombay Agency</LEDGERNAME>
<REMOVEZEROENTRIES>YES</REMOVEZEROENTRIES>
<LEDGERFROMITEM>NO</LEDGERFROMITEM>
<ISDEEMEDPOSITIVE>NO</ISDEEMEDPOSITIVE>
<AMOUNT>18340.0</AMOUNT>
                            </ALLLEDGERENTRIES.LIST>
                            <ALLLEDGERENTRIES.LIST>
<LEDGERNAME>Purchase 28%</LEDGERNAME>
<REMOVEZEROENTRIES>YES</REMOVEZEROENTRIES>
<LEDGERFROMITEM>NO</LEDGERFROMITEM>
<ISDEEMEDPOSITIVE>YES</ISDEEMEDPOSITIVE>
<AMOUNT>-7950.0</AMOUNT>
                            </ALLLEDGERENTRIES.LIST>
                            <ALLLEDGERENTRIES.LIST>
<LEDGERNAME>Input CGST 14%</LEDGERNAME>
<REMOVEZEROENTRIES>YES</REMOVEZEROENTRIES>
<LEDGERFROMITEM>NO</LEDGERFROMITEM>
<ISDEEMEDPOSITIVE>YES</ISDEEMEDPOSITIVE>
<AMOUNT>-1113.0</AMOUNT>
                            </ALLLEDGERENTRIES.LIST>
                            <ALLLEDGERENTRIES.LIST>
<LEDGERNAME>Input SGST 14%</LEDGERNAME>
<REMOVEZEROENTRIES>YES</REMOVEZEROENTRIES>
<LEDGERFROMITEM>NO</LEDGERFROMITEM>
<ISDEEMEDPOSITIVE>YES</ISDEEMEDPOSITIVE>
<AMOUNT>-1113.0</AMOUNT>
                            </ALLLEDGERENTRIES.LIST>
                            <ALLLEDGERENTRIES.LIST>
<LEDGERNAME>Cess</LEDGERNAME>
<REMOVEZEROENTRIES>YES</REMOVEZEROENTRIES>
<LEDGERFROMITEM>NO</LEDGERFROMITEM>
<ISDEEMEDPOSITIVE>YES</ISDEEMEDPOSITIVE>
<AMOUNT>-8164.0</AMOUNT>
                            </ALLLEDGERENTRIES.LIST>
                        </VOUCHER>
                    </TALLYMESSAGE>
                </REQUESTDESC>
            </IMPORTDATA>
        </BODY>
    </ENVELOPE>
    <ENVELOPE>
        <HEADER>
            <TALLYREQUEST>IMPORT_DATA</TALLYREQUEST>
        </HEADER>
        <BODY>
            <IMPORTDATA>
                <REQUESTDESC>
                    <REPORTNAME>VOUCHERS</REPORTNAME>
                    <STATICVARIABLES>
                        <SVCURRENTCOMPANY>Karan Mewara - (from 1-Apr-2021)</SVCURRENTCOMPANY>
                    </STATICVARIABLES>
                </REQUESTDESC>
                <REQUESTDESC>
                    <TALLYMESSAGE>
                        <VOUCHER ACTION="CREATE" VCHTYPE="PURCHASE">
                            <VOUCHERTYPENAME>PURCHASE</VOUCHERTYPENAME>
                            <ISINVOICE>YES</ISINVOICE>
                            <DATE>20220902</DATE>
                            <REFERENCEDATE>20220902</REFERENCEDATE>
                            <REFERENCE>CIG/22-23/211</REFERENCE>
                            <PARTYLEDGERNAME>Bombay Agency</PARTYLEDGERNAME>
                            <NARRATION>Utils Import:Goods Purchase</NARRATION>
                            <EFFECTIVEDATE>20220902</EFFECTIVEDATE>
                            <ALLLEDGERENTRIES.LIST>
<LEDGERNAME>Bombay Agency</LEDGERNAME>
<REMOVEZEROENTRIES>YES</REMOVEZEROENTRIES>
<LEDGERFROMITEM>NO</LEDGERFROMITEM>
<ISDEEMEDPOSITIVE>NO</ISDEEMEDPOSITIVE>
<AMOUNT>27245.0</AMOUNT>
                            </ALLLEDGERENTRIES.LIST>
                            <ALLLEDGERENTRIES.LIST>
<LEDGERNAME>Purchase 28%</LEDGERNAME>
<REMOVEZEROENTRIES>YES</REMOVEZEROENTRIES>
<LEDGERFROMITEM>NO</LEDGERFROMITEM>
<ISDEEMEDPOSITIVE>YES</ISDEEMEDPOSITIVE>
<AMOUNT>-12455.0</AMOUNT>
                            </ALLLEDGERENTRIES.LIST>
                            <ALLLEDGERENTRIES.LIST>
<LEDGERNAME>Input CGST 14%</LEDGERNAME>
<REMOVEZEROENTRIES>YES</REMOVEZEROENTRIES>
<LEDGERFROMITEM>NO</LEDGERFROMITEM>
<ISDEEMEDPOSITIVE>YES</ISDEEMEDPOSITIVE>
<AMOUNT>-1743.7</AMOUNT>
                            </ALLLEDGERENTRIES.LIST>
                            <ALLLEDGERENTRIES.LIST>
<LEDGERNAME>Input SGST 14%</LEDGERNAME>
<REMOVEZEROENTRIES>YES</REMOVEZEROENTRIES>
<LEDGERFROMITEM>NO</LEDGERFROMITEM>
<ISDEEMEDPOSITIVE>YES</ISDEEMEDPOSITIVE>
<AMOUNT>-1743.7</AMOUNT>
                            </ALLLEDGERENTRIES.LIST>
                            <ALLLEDGERENTRIES.LIST>
<LEDGERNAME>Cess</LEDGERNAME>
<REMOVEZEROENTRIES>YES</REMOVEZEROENTRIES>
<LEDGERFROMITEM>NO</LEDGERFROMITEM>
<ISDEEMEDPOSITIVE>YES</ISDEEMEDPOSITIVE>
<AMOUNT>-11302.0</AMOUNT>
                            </ALLLEDGERENTRIES.LIST>
                            <ALLLEDGERENTRIES.LIST>
<LEDGERNAME>R Off</LEDGERNAME>
<REMOVEZEROENTRIES>YES</REMOVEZEROENTRIES>
<LEDGERFROMITEM>NO</LEDGERFROMITEM>
<ISDEEMEDPOSITIVE>YES</ISDEEMEDPOSITIVE>
<AMOUNT>-0.6</AMOUNT>
                            </ALLLEDGERENTRIES.LIST>
                        </VOUCHER>
                    </TALLYMESSAGE>
                </REQUESTDESC>
            </IMPORTDATA>
        </BODY>
    </ENVELOPE>
    <ENVELOPE>
        <HEADER>
            <TALLYREQUEST>IMPORT_DATA</TALLYREQUEST>
        </HEADER>
        <BODY>
            <IMPORTDATA>
                <REQUESTDESC>
                    <REPORTNAME>VOUCHERS</REPORTNAME>
                    <STATICVARIABLES>
                        <SVCURRENTCOMPANY>Karan Mewara - (from 1-Apr-2021)</SVCURRENTCOMPANY>
                    </STATICVARIABLES>
                </REQUESTDESC>
                <REQUESTDESC>
                    <TALLYMESSAGE>
                        <VOUCHER ACTION="CREATE" VCHTYPE="PURCHASE">
                            <VOUCHERTYPENAME>PURCHASE</VOUCHERTYPENAME>
                            <ISINVOICE>YES</ISINVOICE>
                            <DATE>20220903</DATE>
                            <REFERENCEDATE>20220903</REFERENCEDATE>
                            <REFERENCE>CIG/22-23/213</REFERENCE>
                            <PARTYLEDGERNAME>Bombay Agency</PARTYLEDGERNAME>
                            <NARRATION>Utils Import:Goods Purchase</NARRATION>
                            <EFFECTIVEDATE>20220903</EFFECTIVEDATE>
                            <ALLLEDGERENTRIES.LIST>
<LEDGERNAME>Bombay Agency</LEDGERNAME>
<REMOVEZEROENTRIES>YES</REMOVEZEROENTRIES>
<LEDGERFROMITEM>NO</LEDGERFROMITEM>
<ISDEEMEDPOSITIVE>NO</ISDEEMEDPOSITIVE>
<AMOUNT>44250.0</AMOUNT>
                            </ALLLEDGERENTRIES.LIST>
                            <ALLLEDGERENTRIES.LIST>
<LEDGERNAME>Purchase 28%</LEDGERNAME>
<REMOVEZEROENTRIES>YES</REMOVEZEROENTRIES>
<LEDGERFROMITEM>NO</LEDGERFROMITEM>
<ISDEEMEDPOSITIVE>YES</ISDEEMEDPOSITIVE>
<AMOUNT>-20182.0</AMOUNT>
                            </ALLLEDGERENTRIES.LIST>
                            <ALLLEDGERENTRIES.LIST>
<LEDGERNAME>Input CGST 14%</LEDGERNAME>
<REMOVEZEROENTRIES>YES</REMOVEZEROENTRIES>
<LEDGERFROMITEM>NO</LEDGERFROMITEM>
<ISDEEMEDPOSITIVE>YES</ISDEEMEDPOSITIVE>
<AMOUNT>-2825.48</AMOUNT>
                            </ALLLEDGERENTRIES.LIST>
                            <ALLLEDGERENTRIES.LIST>
<LEDGERNAME>Input SGST 14%</LEDGERNAME>
<REMOVEZEROENTRIES>YES</REMOVEZEROENTRIES>
<LEDGERFROMITEM>NO</LEDGERFROMITEM>
<ISDEEMEDPOSITIVE>YES</ISDEEMEDPOSITIVE>
<AMOUNT>-2825.48</AMOUNT>
                            </ALLLEDGERENTRIES.LIST>
                            <ALLLEDGERENTRIES.LIST>
<LEDGERNAME>Cess</LEDGERNAME>
<REMOVEZEROENTRIES>YES</REMOVEZEROENTRIES>
<LEDGERFROMITEM>NO</LEDGERFROMITEM>
<ISDEEMEDPOSITIVE>YES</ISDEEMEDPOSITIVE>
<AMOUNT>-18416.0</AMOUNT>
                            </ALLLEDGERENTRIES.LIST>
                            <ALLLEDGERENTRIES.LIST>
<LEDGERNAME>R Off</LEDGERNAME>
<REMOVEZEROENTRIES>YES</REMOVEZEROENTRIES>
<LEDGERFROMITEM>NO</LEDGERFROMITEM>
<ISDEEMEDPOSITIVE>YES</ISDEEMEDPOSITIVE>
<AMOUNT>-1.04</AMOUNT>
                            </ALLLEDGERENTRIES.LIST>
                        </VOUCHER>
                    </TALLYMESSAGE>
                </REQUESTDESC>
            </IMPORTDATA>
        </BODY>
    </ENVELOPE>
    <ENVELOPE>
        <HEADER>
            <TALLYREQUEST>IMPORT_DATA</TALLYREQUEST>
        </HEADER>
        <BODY>
            <IMPORTDATA>
                <REQUESTDESC>
                    <REPORTNAME>VOUCHERS</REPORTNAME>
                    <STATICVARIABLES>
                        <SVCURRENTCOMPANY>Karan Mewara - (from 1-Apr-2021)</SVCURRENTCOMPANY>
                    </STATICVARIABLES>
                </REQUESTDESC>
                <REQUESTDESC>
                    <TALLYMESSAGE>
                        <VOUCHER ACTION="CREATE" VCHTYPE="PURCHASE">
                            <VOUCHERTYPENAME>PURCHASE</VOUCHERTYPENAME>
                            <ISINVOICE>YES</ISINVOICE>
                            <DATE>20220903</DATE>
                            <REFERENCEDATE>20220903</REFERENCEDATE>
                            <REFERENCE>CIG/22-23/214</REFERENCE>
                            <PARTYLEDGERNAME>Bombay Agency</PARTYLEDGERNAME>
                            <NARRATION>Utils Import:Goods Purchase</NARRATION>
                            <EFFECTIVEDATE>20220903</EFFECTIVEDATE>
                            <ALLLEDGERENTRIES.LIST>
<LEDGERNAME>Bombay Agency</LEDGERNAME>
<REMOVEZEROENTRIES>YES</REMOVEZEROENTRIES>
<LEDGERFROMITEM>NO</LEDGERFROMITEM>
<ISDEEMEDPOSITIVE>NO</ISDEEMEDPOSITIVE>
<AMOUNT>13020.0</AMOUNT>
                            </ALLLEDGERENTRIES.LIST>
                            <ALLLEDGERENTRIES.LIST>
<LEDGERNAME>Purchase 28%</LEDGERNAME>
<REMOVEZEROENTRIES>YES</REMOVEZEROENTRIES>
<LEDGERFROMITEM>NO</LEDGERFROMITEM>
<ISDEEMEDPOSITIVE>YES</ISDEEMEDPOSITIVE>
<AMOUNT>-5715.0</AMOUNT>
                            </ALLLEDGERENTRIES.LIST>
                            <ALLLEDGERENTRIES.LIST>
<LEDGERNAME>Input CGST 14%</LEDGERNAME>
<REMOVEZEROENTRIES>YES</REMOVEZEROENTRIES>
<LEDGERFROMITEM>NO</LEDGERFROMITEM>
<ISDEEMEDPOSITIVE>YES</ISDEEMEDPOSITIVE>
<AMOUNT>-800.1</AMOUNT>
                            </ALLLEDGERENTRIES.LIST>
                            <ALLLEDGERENTRIES.LIST>
<LEDGERNAME>Input SGST 14%</LEDGERNAME>
<REMOVEZEROENTRIES>YES</REMOVEZEROENTRIES>
<LEDGERFROMITEM>NO</LEDGERFROMITEM>
<ISDEEMEDPOSITIVE>YES</ISDEEMEDPOSITIVE>
<AMOUNT>-800.1</AMOUNT>
                            </ALLLEDGERENTRIES.LIST>
                            <ALLLEDGERENTRIES.LIST>
<LEDGERNAME>Cess</LEDGERNAME>
<REMOVEZEROENTRIES>YES</REMOVEZEROENTRIES>
<LEDGERFROMITEM>NO</LEDGERFROMITEM>
<ISDEEMEDPOSITIVE>YES</ISDEEMEDPOSITIVE>
<AMOUNT>-5705.0</AMOUNT>
                            </ALLLEDGERENTRIES.LIST>
                            <ALLLEDGERENTRIES.LIST>
<LEDGERNAME>R Off</LEDGERNAME>
<REMOVEZEROENTRIES>YES</REMOVEZEROENTRIES>
<LEDGERFROMITEM>NO</LEDGERFROMITEM>
<ISDEEMEDPOSITIVE>YES</ISDEEMEDPOSITIVE>
<AMOUNT>0.2</AMOUNT>
                            </ALLLEDGERENTRIES.LIST>
                        </VOUCHER>
                    </TALLYMESSAGE>
                </REQUESTDESC>
            </IMPORTDATA>
        </BODY>
    </ENVELOPE>
    <ENVELOPE>
        <HEADER>
            <TALLYREQUEST>IMPORT_DATA</TALLYREQUEST>
        </HEADER>
        <BODY>
            <IMPORTDATA>
                <REQUESTDESC>
                    <REPORTNAME>VOUCHERS</REPORTNAME>
                    <STATICVARIABLES>
                        <SVCURRENTCOMPANY>Karan Mewara - (from 1-Apr-2021)</SVCURRENTCOMPANY>
                    </STATICVARIABLES>
                </REQUESTDESC>
                <REQUESTDESC>
                    <TALLYMESSAGE>
                        <VOUCHER ACTION="CREATE" VCHTYPE="PURCHASE">
                            <VOUCHERTYPENAME>PURCHASE</VOUCHERTYPENAME>
                            <ISINVOICE>YES</ISINVOICE>
                            <DATE>20220905</DATE>
                            <REFERENCEDATE>20220905</REFERENCEDATE>
                            <REFERENCE>CIG/22-23/216</REFERENCE>
                            <PARTYLEDGERNAME>Bombay Agency</PARTYLEDGERNAME>
                            <NARRATION>Utils Import:Goods Purchase</NARRATION>
                            <EFFECTIVEDATE>20220905</EFFECTIVEDATE>
                            <ALLLEDGERENTRIES.LIST>
<LEDGERNAME>Bombay Agency</LEDGERNAME>
<REMOVEZEROENTRIES>YES</REMOVEZEROENTRIES>
<LEDGERFROMITEM>NO</LEDGERFROMITEM>
<ISDEEMEDPOSITIVE>NO</ISDEEMEDPOSITIVE>
<AMOUNT>26465.0</AMOUNT>
                            </ALLLEDGERENTRIES.LIST>
                            <ALLLEDGERENTRIES.LIST>
<LEDGERNAME>Purchase 28%</LEDGERNAME>
<REMOVEZEROENTRIES>YES</REMOVEZEROENTRIES>
<LEDGERFROMITEM>NO</LEDGERFROMITEM>
<ISDEEMEDPOSITIVE>YES</ISDEEMEDPOSITIVE>
<AMOUNT>-11970.0</AMOUNT>
                            </ALLLEDGERENTRIES.LIST>
                            <ALLLEDGERENTRIES.LIST>
<LEDGERNAME>Input CGST 14%</LEDGERNAME>
<REMOVEZEROENTRIES>YES</REMOVEZEROENTRIES>
<LEDGERFROMITEM>NO</LEDGERFROMITEM>
<ISDEEMEDPOSITIVE>YES</ISDEEMEDPOSITIVE>
<AMOUNT>-1675.8</AMOUNT>
                            </ALLLEDGERENTRIES.LIST>
                            <ALLLEDGERENTRIES.LIST>
<LEDGERNAME>Input SGST 14%</LEDGERNAME>
<REMOVEZEROENTRIES>YES</REMOVEZEROENTRIES>
<LEDGERFROMITEM>NO</LEDGERFROMITEM>
<ISDEEMEDPOSITIVE>YES</ISDEEMEDPOSITIVE>
<AMOUNT>-1675.8</AMOUNT>
                            </ALLLEDGERENTRIES.LIST>
                            <ALLLEDGERENTRIES.LIST>
<LEDGERNAME>Cess</LEDGERNAME>
<REMOVEZEROENTRIES>YES</REMOVEZEROENTRIES>
<LEDGERFROMITEM>NO</LEDGERFROMITEM>
<ISDEEMEDPOSITIVE>YES</ISDEEMEDPOSITIVE>
<AMOUNT>-11143.0</AMOUNT>
                            </ALLLEDGERENTRIES.LIST>
                            <ALLLEDGERENTRIES.LIST>
<LEDGERNAME>R Off</LEDGERNAME>
<REMOVEZEROENTRIES>YES</REMOVEZEROENTRIES>
<LEDGERFROMITEM>NO</LEDGERFROMITEM>
<ISDEEMEDPOSITIVE>YES</ISDEEMEDPOSITIVE>
<AMOUNT>-0.4</AMOUNT>
                            </ALLLEDGERENTRIES.LIST>
                        </VOUCHER>
                    </TALLYMESSAGE>
                </REQUESTDESC>
            </IMPORTDATA>
        </BODY>
    </ENVELOPE>
    <ENVELOPE>
        <HEADER>
            <TALLYREQUEST>IMPORT_DATA</TALLYREQUEST>
        </HEADER>
        <BODY>
            <IMPORTDATA>
                <REQUESTDESC>
                    <REPORTNAME>VOUCHERS</REPORTNAME>
                    <STATICVARIABLES>
                        <SVCURRENTCOMPANY>Karan Mewara - (from 1-Apr-2021)</SVCURRENTCOMPANY>
                    </STATICVARIABLES>
                </REQUESTDESC>
                <REQUESTDESC>
                    <TALLYMESSAGE>
                        <VOUCHER ACTION="CREATE" VCHTYPE="PURCHASE">
                            <VOUCHERTYPENAME>PURCHASE</VOUCHERTYPENAME>
                            <ISINVOICE>YES</ISINVOICE>
                            <DATE>20220906</DATE>
                            <REFERENCEDATE>20220906</REFERENCEDATE>
                            <REFERENCE>CIG/22-23/217</REFERENCE>
                            <PARTYLEDGERNAME>Bombay Agency</PARTYLEDGERNAME>
                            <NARRATION>Utils Import:Goods Purchase</NARRATION>
                            <EFFECTIVEDATE>20220906</EFFECTIVEDATE>
                            <ALLLEDGERENTRIES.LIST>
<LEDGERNAME>Bombay Agency</LEDGERNAME>
<REMOVEZEROENTRIES>YES</REMOVEZEROENTRIES>
<LEDGERFROMITEM>NO</LEDGERFROMITEM>
<ISDEEMEDPOSITIVE>NO</ISDEEMEDPOSITIVE>
<AMOUNT>22275.0</AMOUNT>
                            </ALLLEDGERENTRIES.LIST>
                            <ALLLEDGERENTRIES.LIST>
<LEDGERNAME>Purchase 28%</LEDGERNAME>
<REMOVEZEROENTRIES>YES</REMOVEZEROENTRIES>
<LEDGERFROMITEM>NO</LEDGERFROMITEM>
<ISDEEMEDPOSITIVE>YES</ISDEEMEDPOSITIVE>
<AMOUNT>-9980.0</AMOUNT>
                            </ALLLEDGERENTRIES.LIST>
                            <ALLLEDGERENTRIES.LIST>
<LEDGERNAME>Input CGST 14%</LEDGERNAME>
<REMOVEZEROENTRIES>YES</REMOVEZEROENTRIES>
<LEDGERFROMITEM>NO</LEDGERFROMITEM>
<ISDEEMEDPOSITIVE>YES</ISDEEMEDPOSITIVE>
<AMOUNT>-1397.2</AMOUNT>
                            </ALLLEDGERENTRIES.LIST>
                            <ALLLEDGERENTRIES.LIST>
<LEDGERNAME>Input SGST 14%</LEDGERNAME>
<REMOVEZEROENTRIES>YES</REMOVEZEROENTRIES>
<LEDGERFROMITEM>NO</LEDGERFROMITEM>
<ISDEEMEDPOSITIVE>YES</ISDEEMEDPOSITIVE>
<AMOUNT>-1397.2</AMOUNT>
                            </ALLLEDGERENTRIES.LIST>
                            <ALLLEDGERENTRIES.LIST>
<LEDGERNAME>Cess</LEDGERNAME>
<REMOVEZEROENTRIES>YES</REMOVEZEROENTRIES>
<LEDGERFROMITEM>NO</LEDGERFROMITEM>
<ISDEEMEDPOSITIVE>YES</ISDEEMEDPOSITIVE>
<AMOUNT>-9499.0</AMOUNT>
                            </ALLLEDGERENTRIES.LIST>
                            <ALLLEDGERENTRIES.LIST>
<LEDGERNAME>R Off</LEDGERNAME>
<REMOVEZEROENTRIES>YES</REMOVEZEROENTRIES>
<LEDGERFROMITEM>NO</LEDGERFROMITEM>
<ISDEEMEDPOSITIVE>YES</ISDEEMEDPOSITIVE>
<AMOUNT>-1.6</AMOUNT>
                            </ALLLEDGERENTRIES.LIST>
                        </VOUCHER>
                    </TALLYMESSAGE>
                </REQUESTDESC>
            </IMPORTDATA>
        </BODY>
    </ENVELOPE>
    <ENVELOPE>
        <HEADER>
            <TALLYREQUEST>IMPORT_DATA</TALLYREQUEST>
        </HEADER>
        <BODY>
            <IMPORTDATA>
                <REQUESTDESC>
                    <REPORTNAME>VOUCHERS</REPORTNAME>
                    <STATICVARIABLES>
                        <SVCURRENTCOMPANY>Karan Mewara - (from 1-Apr-2021)</SVCURRENTCOMPANY>
                    </STATICVARIABLES>
                </REQUESTDESC>
                <REQUESTDESC>
                    <TALLYMESSAGE>
                        <VOUCHER ACTION="CREATE" VCHTYPE="PURCHASE">
                            <VOUCHERTYPENAME>PURCHASE</VOUCHERTYPENAME>
                            <ISINVOICE>YES</ISINVOICE>
                            <DATE>20220907</DATE>
                            <REFERENCEDATE>20220907</REFERENCEDATE>
                            <REFERENCE>CIG/22-23/219</REFERENCE>
                            <PARTYLEDGERNAME>Bombay Agency</PARTYLEDGERNAME>
                            <NARRATION>Utils Import:Goods Purchase</NARRATION>
                            <EFFECTIVEDATE>20220907</EFFECTIVEDATE>
                            <ALLLEDGERENTRIES.LIST>
<LEDGERNAME>Bombay Agency</LEDGERNAME>
<REMOVEZEROENTRIES>YES</REMOVEZEROENTRIES>
<LEDGERFROMITEM>NO</LEDGERFROMITEM>
<ISDEEMEDPOSITIVE>NO</ISDEEMEDPOSITIVE>
<AMOUNT>33325.0</AMOUNT>
                            </ALLLEDGERENTRIES.LIST>
                            <ALLLEDGERENTRIES.LIST>
<LEDGERNAME>Purchase 28%</LEDGERNAME>
<REMOVEZEROENTRIES>YES</REMOVEZEROENTRIES>
<LEDGERFROMITEM>NO</LEDGERFROMITEM>
<ISDEEMEDPOSITIVE>YES</ISDEEMEDPOSITIVE>
<AMOUNT>-15146.0</AMOUNT>
                            </ALLLEDGERENTRIES.LIST>
                            <ALLLEDGERENTRIES.LIST>
<LEDGERNAME>Input CGST 14%</LEDGERNAME>
<REMOVEZEROENTRIES>YES</REMOVEZEROENTRIES>
<LEDGERFROMITEM>NO</LEDGERFROMITEM>
<ISDEEMEDPOSITIVE>YES</ISDEEMEDPOSITIVE>
<AMOUNT>-2120.44</AMOUNT>
                            </ALLLEDGERENTRIES.LIST>
                            <ALLLEDGERENTRIES.LIST>
<LEDGERNAME>Input SGST 14%</LEDGERNAME>
<REMOVEZEROENTRIES>YES</REMOVEZEROENTRIES>
<LEDGERFROMITEM>NO</LEDGERFROMITEM>
<ISDEEMEDPOSITIVE>YES</ISDEEMEDPOSITIVE>
<AMOUNT>-2120.44</AMOUNT>
                            </ALLLEDGERENTRIES.LIST>
                            <ALLLEDGERENTRIES.LIST>
<LEDGERNAME>Cess</LEDGERNAME>
<REMOVEZEROENTRIES>YES</REMOVEZEROENTRIES>
<LEDGERFROMITEM>NO</LEDGERFROMITEM>
<ISDEEMEDPOSITIVE>YES</ISDEEMEDPOSITIVE>
<AMOUNT>-13939.0</AMOUNT>
                            </ALLLEDGERENTRIES.LIST>
                            <ALLLEDGERENTRIES.LIST>
<LEDGERNAME>R Off</LEDGERNAME>
<REMOVEZEROENTRIES>YES</REMOVEZEROENTRIES>
<LEDGERFROMITEM>NO</LEDGERFROMITEM>
<ISDEEMEDPOSITIVE>YES</ISDEEMEDPOSITIVE>
<AMOUNT>0.88</AMOUNT>
                            </ALLLEDGERENTRIES.LIST>
                        </VOUCHER>
                    </TALLYMESSAGE>
                </REQUESTDESC>
            </IMPORTDATA>
        </BODY>
    </ENVELOPE>
    <ENVELOPE>
        <HEADER>
            <TALLYREQUEST>IMPORT_DATA</TALLYREQUEST>
        </HEADER>
        <BODY>
            <IMPORTDATA>
                <REQUESTDESC>
                    <REPORTNAME>VOUCHERS</REPORTNAME>
                    <STATICVARIABLES>
                        <SVCURRENTCOMPANY>Karan Mewara - (from 1-Apr-2021)</SVCURRENTCOMPANY>
                    </STATICVARIABLES>
                </REQUESTDESC>
                <REQUESTDESC>
                    <TALLYMESSAGE>
                        <VOUCHER ACTION="CREATE" VCHTYPE="PURCHASE">
                            <VOUCHERTYPENAME>PURCHASE</VOUCHERTYPENAME>
                            <ISINVOICE>YES</ISINVOICE>
                            <DATE>20220909</DATE>
                            <REFERENCEDATE>20220909</REFERENCEDATE>
                            <REFERENCE>CIG/22-23/220</REFERENCE>
                            <PARTYLEDGERNAME>Bombay Agency</PARTYLEDGERNAME>
                            <NARRATION>Utils Import:Goods Purchase</NARRATION>
                            <EFFECTIVEDATE>20220909</EFFECTIVEDATE>
                            <ALLLEDGERENTRIES.LIST>
<LEDGERNAME>Bombay Agency</LEDGERNAME>
<REMOVEZEROENTRIES>YES</REMOVEZEROENTRIES>
<LEDGERFROMITEM>NO</LEDGERFROMITEM>
<ISDEEMEDPOSITIVE>NO</ISDEEMEDPOSITIVE>
<AMOUNT>20905.0</AMOUNT>
                            </ALLLEDGERENTRIES.LIST>
                            <ALLLEDGERENTRIES.LIST>
<LEDGERNAME>Purchase 28%</LEDGERNAME>
<REMOVEZEROENTRIES>YES</REMOVEZEROENTRIES>
<LEDGERFROMITEM>NO</LEDGERFROMITEM>
<ISDEEMEDPOSITIVE>YES</ISDEEMEDPOSITIVE>
<AMOUNT>-9406.0</AMOUNT>
                            </ALLLEDGERENTRIES.LIST>
                            <ALLLEDGERENTRIES.LIST>
<LEDGERNAME>Input CGST 14%</LEDGERNAME>
<REMOVEZEROENTRIES>YES</REMOVEZEROENTRIES>
<LEDGERFROMITEM>NO</LEDGERFROMITEM>
<ISDEEMEDPOSITIVE>YES</ISDEEMEDPOSITIVE>
<AMOUNT>-1316.84</AMOUNT>
                            </ALLLEDGERENTRIES.LIST>
                            <ALLLEDGERENTRIES.LIST>
<LEDGERNAME>Input SGST 14%</LEDGERNAME>
<REMOVEZEROENTRIES>YES</REMOVEZEROENTRIES>
<LEDGERFROMITEM>NO</LEDGERFROMITEM>
<ISDEEMEDPOSITIVE>YES</ISDEEMEDPOSITIVE>
<AMOUNT>-1316.84</AMOUNT>
                            </ALLLEDGERENTRIES.LIST>
                            <ALLLEDGERENTRIES.LIST>
<LEDGERNAME>Cess</LEDGERNAME>
<REMOVEZEROENTRIES>YES</REMOVEZEROENTRIES>
<LEDGERFROMITEM>NO</LEDGERFROMITEM>
<ISDEEMEDPOSITIVE>YES</ISDEEMEDPOSITIVE>
<AMOUNT>-8865.0</AMOUNT>
                            </ALLLEDGERENTRIES.LIST>
                            <ALLLEDGERENTRIES.LIST>
<LEDGERNAME>R Off</LEDGERNAME>
<REMOVEZEROENTRIES>YES</REMOVEZEROENTRIES>
<LEDGERFROMITEM>NO</LEDGERFROMITEM>
<ISDEEMEDPOSITIVE>YES</ISDEEMEDPOSITIVE>
<AMOUNT>-0.32</AMOUNT>
                            </ALLLEDGERENTRIES.LIST>
                        </VOUCHER>
                    </TALLYMESSAGE>
                </REQUESTDESC>
            </IMPORTDATA>
        </BODY>
    </ENVELOPE>
    <ENVELOPE>
        <HEADER>
            <TALLYREQUEST>IMPORT_DATA</TALLYREQUEST>
        </HEADER>
        <BODY>
            <IMPORTDATA>
                <REQUESTDESC>
                    <REPORTNAME>VOUCHERS</REPORTNAME>
                    <STATICVARIABLES>
                        <SVCURRENTCOMPANY>Karan Mewara - (from 1-Apr-2021)</SVCURRENTCOMPANY>
                    </STATICVARIABLES>
                </REQUESTDESC>
                <REQUESTDESC>
                    <TALLYMESSAGE>
                        <VOUCHER ACTION="CREATE" VCHTYPE="PURCHASE">
                            <VOUCHERTYPENAME>PURCHASE</VOUCHERTYPENAME>
                            <ISINVOICE>YES</ISINVOICE>
                            <DATE>20220909</DATE>
                            <REFERENCEDATE>20220909</REFERENCEDATE>
                            <REFERENCE>CIG/22-23/222</REFERENCE>
                            <PARTYLEDGERNAME>Bombay Agency</PARTYLEDGERNAME>
                            <NARRATION>Utils Import:Goods Purchase</NARRATION>
                            <EFFECTIVEDATE>20220909</EFFECTIVEDATE>
                            <ALLLEDGERENTRIES.LIST>
<LEDGERNAME>Bombay Agency</LEDGERNAME>
<REMOVEZEROENTRIES>YES</REMOVEZEROENTRIES>
<LEDGERFROMITEM>NO</LEDGERFROMITEM>
<ISDEEMEDPOSITIVE>NO</ISDEEMEDPOSITIVE>
<AMOUNT>13445.0</AMOUNT>
                            </ALLLEDGERENTRIES.LIST>
                            <ALLLEDGERENTRIES.LIST>
<LEDGERNAME>Purchase 28%</LEDGERNAME>
<REMOVEZEROENTRIES>YES</REMOVEZEROENTRIES>
<LEDGERFROMITEM>NO</LEDGERFROMITEM>
<ISDEEMEDPOSITIVE>YES</ISDEEMEDPOSITIVE>
<AMOUNT>-6255.0</AMOUNT>
                            </ALLLEDGERENTRIES.LIST>
                            <ALLLEDGERENTRIES.LIST>
<LEDGERNAME>Input CGST 14%</LEDGERNAME>
<REMOVEZEROENTRIES>YES</REMOVEZEROENTRIES>
<LEDGERFROMITEM>NO</LEDGERFROMITEM>
<ISDEEMEDPOSITIVE>YES</ISDEEMEDPOSITIVE>
<AMOUNT>-875.7</AMOUNT>
                            </ALLLEDGERENTRIES.LIST>
                            <ALLLEDGERENTRIES.LIST>
<LEDGERNAME>Input SGST 14%</LEDGERNAME>
<REMOVEZEROENTRIES>YES</REMOVEZEROENTRIES>
<LEDGERFROMITEM>NO</LEDGERFROMITEM>
<ISDEEMEDPOSITIVE>YES</ISDEEMEDPOSITIVE>
<AMOUNT>-875.7</AMOUNT>
                            </ALLLEDGERENTRIES.LIST>
                            <ALLLEDGERENTRIES.LIST>
<LEDGERNAME>Cess</LEDGERNAME>
<REMOVEZEROENTRIES>YES</REMOVEZEROENTRIES>
<LEDGERFROMITEM>NO</LEDGERFROMITEM>
<ISDEEMEDPOSITIVE>YES</ISDEEMEDPOSITIVE>
<AMOUNT>-5440.0</AMOUNT>
                            </ALLLEDGERENTRIES.LIST>
                            <ALLLEDGERENTRIES.LIST>
<LEDGERNAME>R Off</LEDGERNAME>
<REMOVEZEROENTRIES>YES</REMOVEZEROENTRIES>
<LEDGERFROMITEM>NO</LEDGERFROMITEM>
<ISDEEMEDPOSITIVE>YES</ISDEEMEDPOSITIVE>
<AMOUNT>1.4</AMOUNT>
                            </ALLLEDGERENTRIES.LIST>
                        </VOUCHER>
                    </TALLYMESSAGE>
                </REQUESTDESC>
            </IMPORTDATA>
        </BODY>
    </ENVELOPE>
    <ENVELOPE>
        <HEADER>
            <TALLYREQUEST>IMPORT_DATA</TALLYREQUEST>
        </HEADER>
        <BODY>
            <IMPORTDATA>
                <REQUESTDESC>
                    <REPORTNAME>VOUCHERS</REPORTNAME>
                    <STATICVARIABLES>
                        <SVCURRENTCOMPANY>Karan Mewara - (from 1-Apr-2021)</SVCURRENTCOMPANY>
                    </STATICVARIABLES>
                </REQUESTDESC>
                <REQUESTDESC>
                    <TALLYMESSAGE>
                        <VOUCHER ACTION="CREATE" VCHTYPE="PURCHASE">
                            <VOUCHERTYPENAME>PURCHASE</VOUCHERTYPENAME>
                            <ISINVOICE>YES</ISINVOICE>
                            <DATE>20220912</DATE>
                            <REFERENCEDATE>20220912</REFERENCEDATE>
                            <REFERENCE>CIG/22-23/226</REFERENCE>
                            <PARTYLEDGERNAME>Bombay Agency</PARTYLEDGERNAME>
                            <NARRATION>Utils Import:Goods Purchase</NARRATION>
                            <EFFECTIVEDATE>20220912</EFFECTIVEDATE>
                            <ALLLEDGERENTRIES.LIST>
<LEDGERNAME>Bombay Agency</LEDGERNAME>
<REMOVEZEROENTRIES>YES</REMOVEZEROENTRIES>
<LEDGERFROMITEM>NO</LEDGERFROMITEM>
<ISDEEMEDPOSITIVE>NO</ISDEEMEDPOSITIVE>
<AMOUNT>28225.0</AMOUNT>
                            </ALLLEDGERENTRIES.LIST>
                            <ALLLEDGERENTRIES.LIST>
<LEDGERNAME>Purchase 28%</LEDGERNAME>
<REMOVEZEROENTRIES>YES</REMOVEZEROENTRIES>
<LEDGERFROMITEM>NO</LEDGERFROMITEM>
<ISDEEMEDPOSITIVE>YES</ISDEEMEDPOSITIVE>
<AMOUNT>-12534.0</AMOUNT>
                            </ALLLEDGERENTRIES.LIST>
                            <ALLLEDGERENTRIES.LIST>
<LEDGERNAME>Input CGST 14%</LEDGERNAME>
<REMOVEZEROENTRIES>YES</REMOVEZEROENTRIES>
<LEDGERFROMITEM>NO</LEDGERFROMITEM>
<ISDEEMEDPOSITIVE>YES</ISDEEMEDPOSITIVE>
<AMOUNT>-1754.76</AMOUNT>
                            </ALLLEDGERENTRIES.LIST>
                            <ALLLEDGERENTRIES.LIST>
<LEDGERNAME>Input SGST 14%</LEDGERNAME>
<REMOVEZEROENTRIES>YES</REMOVEZEROENTRIES>
<LEDGERFROMITEM>NO</LEDGERFROMITEM>
<ISDEEMEDPOSITIVE>YES</ISDEEMEDPOSITIVE>
<AMOUNT>-1754.76</AMOUNT>
                            </ALLLEDGERENTRIES.LIST>
                            <ALLLEDGERENTRIES.LIST>
<LEDGERNAME>Cess</LEDGERNAME>
<REMOVEZEROENTRIES>YES</REMOVEZEROENTRIES>
<LEDGERFROMITEM>NO</LEDGERFROMITEM>
<ISDEEMEDPOSITIVE>YES</ISDEEMEDPOSITIVE>
<AMOUNT>-12181.0</AMOUNT>
                            </ALLLEDGERENTRIES.LIST>
                            <ALLLEDGERENTRIES.LIST>
<LEDGERNAME>R Off</LEDGERNAME>
<REMOVEZEROENTRIES>YES</REMOVEZEROENTRIES>
<LEDGERFROMITEM>NO</LEDGERFROMITEM>
<ISDEEMEDPOSITIVE>YES</ISDEEMEDPOSITIVE>
<AMOUNT>-0.48</AMOUNT>
                            </ALLLEDGERENTRIES.LIST>
                        </VOUCHER>
                    </TALLYMESSAGE>
                </REQUESTDESC>
            </IMPORTDATA>
        </BODY>
    </ENVELOPE>
    <ENVELOPE>
        <HEADER>
            <TALLYREQUEST>IMPORT_DATA</TALLYREQUEST>
        </HEADER>
        <BODY>
            <IMPORTDATA>
                <REQUESTDESC>
                    <REPORTNAME>VOUCHERS</REPORTNAME>
                    <STATICVARIABLES>
                        <SVCURRENTCOMPANY>Karan Mewara - (from 1-Apr-2021)</SVCURRENTCOMPANY>
                    </STATICVARIABLES>
                </REQUESTDESC>
                <REQUESTDESC>
                    <TALLYMESSAGE>
                        <VOUCHER ACTION="CREATE" VCHTYPE="PURCHASE">
                            <VOUCHERTYPENAME>PURCHASE</VOUCHERTYPENAME>
                            <ISINVOICE>YES</ISINVOICE>
                            <DATE>20220913</DATE>
                            <REFERENCEDATE>20220913</REFERENCEDATE>
                            <REFERENCE>CIG/22-23/227</REFERENCE>
                            <PARTYLEDGERNAME>Bombay Agency</PARTYLEDGERNAME>
                            <NARRATION>Utils Import:Goods Purchase</NARRATION>
                            <EFFECTIVEDATE>20220913</EFFECTIVEDATE>
                            <ALLLEDGERENTRIES.LIST>
<LEDGERNAME>Bombay Agency</LEDGERNAME>
<REMOVEZEROENTRIES>YES</REMOVEZEROENTRIES>
<LEDGERFROMITEM>NO</LEDGERFROMITEM>
<ISDEEMEDPOSITIVE>NO</ISDEEMEDPOSITIVE>
<AMOUNT>23440.0</AMOUNT>
                            </ALLLEDGERENTRIES.LIST>
                            <ALLLEDGERENTRIES.LIST>
<LEDGERNAME>Purchase 28%</LEDGERNAME>
<REMOVEZEROENTRIES>YES</REMOVEZEROENTRIES>
<LEDGERFROMITEM>NO</LEDGERFROMITEM>
<ISDEEMEDPOSITIVE>YES</ISDEEMEDPOSITIVE>
<AMOUNT>-10362.0</AMOUNT>
                            </ALLLEDGERENTRIES.LIST>
                            <ALLLEDGERENTRIES.LIST>
<LEDGERNAME>Input CGST 14%</LEDGERNAME>
<REMOVEZEROENTRIES>YES</REMOVEZEROENTRIES>
<LEDGERFROMITEM>NO</LEDGERFROMITEM>
<ISDEEMEDPOSITIVE>YES</ISDEEMEDPOSITIVE>
<AMOUNT>-1450.68</AMOUNT>
                            </ALLLEDGERENTRIES.LIST>
                            <ALLLEDGERENTRIES.LIST>
<LEDGERNAME>Input SGST 14%</LEDGERNAME>
<REMOVEZEROENTRIES>YES</REMOVEZEROENTRIES>
<LEDGERFROMITEM>NO</LEDGERFROMITEM>
<ISDEEMEDPOSITIVE>YES</ISDEEMEDPOSITIVE>
<AMOUNT>-1450.68</AMOUNT>
                            </ALLLEDGERENTRIES.LIST>
                            <ALLLEDGERENTRIES.LIST>
<LEDGERNAME>Cess</LEDGERNAME>
<REMOVEZEROENTRIES>YES</REMOVEZEROENTRIES>
<LEDGERFROMITEM>NO</LEDGERFROMITEM>
<ISDEEMEDPOSITIVE>YES</ISDEEMEDPOSITIVE>
<AMOUNT>-10176.0</AMOUNT>
                            </ALLLEDGERENTRIES.LIST>
                            <ALLLEDGERENTRIES.LIST>
<LEDGERNAME>R Off</LEDGERNAME>
<REMOVEZEROENTRIES>YES</REMOVEZEROENTRIES>
<LEDGERFROMITEM>NO</LEDGERFROMITEM>
<ISDEEMEDPOSITIVE>YES</ISDEEMEDPOSITIVE>
<AMOUNT>-0.64</AMOUNT>
                            </ALLLEDGERENTRIES.LIST>
                        </VOUCHER>
                    </TALLYMESSAGE>
                </REQUESTDESC>
            </IMPORTDATA>
        </BODY>
    </ENVELOPE>
    <ENVELOPE>
        <HEADER>
            <TALLYREQUEST>IMPORT_DATA</TALLYREQUEST>
        </HEADER>
        <BODY>
            <IMPORTDATA>
                <REQUESTDESC>
                    <REPORTNAME>VOUCHERS</REPORTNAME>
                    <STATICVARIABLES>
                        <SVCURRENTCOMPANY>Karan Mewara - (from 1-Apr-2021)</SVCURRENTCOMPANY>
                    </STATICVARIABLES>
                </REQUESTDESC>
                <REQUESTDESC>
                    <TALLYMESSAGE>
                        <VOUCHER ACTION="CREATE" VCHTYPE="PURCHASE">
                            <VOUCHERTYPENAME>PURCHASE</VOUCHERTYPENAME>
                            <ISINVOICE>YES</ISINVOICE>
                            <DATE>20220914</DATE>
                            <REFERENCEDATE>20220914</REFERENCEDATE>
                            <REFERENCE>CIG/22-23/228</REFERENCE>
                            <PARTYLEDGERNAME>Bombay Agency</PARTYLEDGERNAME>
                            <NARRATION>Utils Import:Goods Purchase</NARRATION>
                            <EFFECTIVEDATE>20220914</EFFECTIVEDATE>
                            <ALLLEDGERENTRIES.LIST>
<LEDGERNAME>Bombay Agency</LEDGERNAME>
<REMOVEZEROENTRIES>YES</REMOVEZEROENTRIES>
<LEDGERFROMITEM>NO</LEDGERFROMITEM>
<ISDEEMEDPOSITIVE>NO</ISDEEMEDPOSITIVE>
<AMOUNT>36435.0</AMOUNT>
                            </ALLLEDGERENTRIES.LIST>
                            <ALLLEDGERENTRIES.LIST>
<LEDGERNAME>Purchase 28%</LEDGERNAME>
<REMOVEZEROENTRIES>YES</REMOVEZEROENTRIES>
<LEDGERFROMITEM>NO</LEDGERFROMITEM>
<ISDEEMEDPOSITIVE>YES</ISDEEMEDPOSITIVE>
<AMOUNT>-16607.0</AMOUNT>
                            </ALLLEDGERENTRIES.LIST>
                            <ALLLEDGERENTRIES.LIST>
<LEDGERNAME>Input CGST 14%</LEDGERNAME>
<REMOVEZEROENTRIES>YES</REMOVEZEROENTRIES>
<LEDGERFROMITEM>NO</LEDGERFROMITEM>
<ISDEEMEDPOSITIVE>YES</ISDEEMEDPOSITIVE>
<AMOUNT>-2324.98</AMOUNT>
                            </ALLLEDGERENTRIES.LIST>
                            <ALLLEDGERENTRIES.LIST>
<LEDGERNAME>Input SGST 14%</LEDGERNAME>
<REMOVEZEROENTRIES>YES</REMOVEZEROENTRIES>
<LEDGERFROMITEM>NO</LEDGERFROMITEM>
<ISDEEMEDPOSITIVE>YES</ISDEEMEDPOSITIVE>
<AMOUNT>-2324.98</AMOUNT>
                            </ALLLEDGERENTRIES.LIST>
                            <ALLLEDGERENTRIES.LIST>
<LEDGERNAME>Cess</LEDGERNAME>
<REMOVEZEROENTRIES>YES</REMOVEZEROENTRIES>
<LEDGERFROMITEM>NO</LEDGERFROMITEM>
<ISDEEMEDPOSITIVE>YES</ISDEEMEDPOSITIVE>
<AMOUNT>-15178.0</AMOUNT>
                            </ALLLEDGERENTRIES.LIST>
                            <ALLLEDGERENTRIES.LIST>
<LEDGERNAME>R Off</LEDGERNAME>
<REMOVEZEROENTRIES>YES</REMOVEZEROENTRIES>
<LEDGERFROMITEM>NO</LEDGERFROMITEM>
<ISDEEMEDPOSITIVE>YES</ISDEEMEDPOSITIVE>
<AMOUNT>-0.04</AMOUNT>
                            </ALLLEDGERENTRIES.LIST>
                        </VOUCHER>
                    </TALLYMESSAGE>
                </REQUESTDESC>
            </IMPORTDATA>
        </BODY>
    </ENVELOPE>
    <ENVELOPE>
        <HEADER>
            <TALLYREQUEST>IMPORT_DATA</TALLYREQUEST>
        </HEADER>
        <BODY>
            <IMPORTDATA>
                <REQUESTDESC>
                    <REPORTNAME>VOUCHERS</REPORTNAME>
                    <STATICVARIABLES>
                        <SVCURRENTCOMPANY>Karan Mewara - (from 1-Apr-2021)</SVCURRENTCOMPANY>
                    </STATICVARIABLES>
                </REQUESTDESC>
                <REQUESTDESC>
                    <TALLYMESSAGE>
                        <VOUCHER ACTION="CREATE" VCHTYPE="PURCHASE">
                            <VOUCHERTYPENAME>PURCHASE</VOUCHERTYPENAME>
                            <ISINVOICE>YES</ISINVOICE>
                            <DATE>20220915</DATE>
                            <REFERENCEDATE>20220915</REFERENCEDATE>
                            <REFERENCE>CIG/22-23/230</REFERENCE>
                            <PARTYLEDGERNAME>Bombay Agency</PARTYLEDGERNAME>
                            <NARRATION>Utils Import:Goods Purchase</NARRATION>
                            <EFFECTIVEDATE>20220915</EFFECTIVEDATE>
                            <ALLLEDGERENTRIES.LIST>
<LEDGERNAME>Bombay Agency</LEDGERNAME>
<REMOVEZEROENTRIES>YES</REMOVEZEROENTRIES>
<LEDGERFROMITEM>NO</LEDGERFROMITEM>
<ISDEEMEDPOSITIVE>NO</ISDEEMEDPOSITIVE>
<AMOUNT>37295.0</AMOUNT>
                            </ALLLEDGERENTRIES.LIST>
                            <ALLLEDGERENTRIES.LIST>
<LEDGERNAME>Purchase 28%</LEDGERNAME>
<REMOVEZEROENTRIES>YES</REMOVEZEROENTRIES>
<LEDGERFROMITEM>NO</LEDGERFROMITEM>
<ISDEEMEDPOSITIVE>YES</ISDEEMEDPOSITIVE>
<AMOUNT>-17419.0</AMOUNT>
                            </ALLLEDGERENTRIES.LIST>
                            <ALLLEDGERENTRIES.LIST>
<LEDGERNAME>Input CGST 14%</LEDGERNAME>
<REMOVEZEROENTRIES>YES</REMOVEZEROENTRIES>
<LEDGERFROMITEM>NO</LEDGERFROMITEM>
<ISDEEMEDPOSITIVE>YES</ISDEEMEDPOSITIVE>
<AMOUNT>-2438.66</AMOUNT>
                            </ALLLEDGERENTRIES.LIST>
                            <ALLLEDGERENTRIES.LIST>
<LEDGERNAME>Input SGST 14%</LEDGERNAME>
<REMOVEZEROENTRIES>YES</REMOVEZEROENTRIES>
<LEDGERFROMITEM>NO</LEDGERFROMITEM>
<ISDEEMEDPOSITIVE>YES</ISDEEMEDPOSITIVE>
<AMOUNT>-2438.66</AMOUNT>
                            </ALLLEDGERENTRIES.LIST>
                            <ALLLEDGERENTRIES.LIST>
<LEDGERNAME>Cess</LEDGERNAME>
<REMOVEZEROENTRIES>YES</REMOVEZEROENTRIES>
<LEDGERFROMITEM>NO</LEDGERFROMITEM>
<ISDEEMEDPOSITIVE>YES</ISDEEMEDPOSITIVE>
<AMOUNT>-15000.0</AMOUNT>
                            </ALLLEDGERENTRIES.LIST>
                            <ALLLEDGERENTRIES.LIST>
<LEDGERNAME>R Off</LEDGERNAME>
<REMOVEZEROENTRIES>YES</REMOVEZEROENTRIES>
<LEDGERFROMITEM>NO</LEDGERFROMITEM>
<ISDEEMEDPOSITIVE>YES</ISDEEMEDPOSITIVE>
<AMOUNT>1.32</AMOUNT>
                            </ALLLEDGERENTRIES.LIST>
                        </VOUCHER>
                    </TALLYMESSAGE>
                </REQUESTDESC>
            </IMPORTDATA>
        </BODY>
    </ENVELOPE>
    <ENVELOPE>
        <HEADER>
            <TALLYREQUEST>IMPORT_DATA</TALLYREQUEST>
        </HEADER>
        <BODY>
            <IMPORTDATA>
                <REQUESTDESC>
                    <REPORTNAME>VOUCHERS</REPORTNAME>
                    <STATICVARIABLES>
                        <SVCURRENTCOMPANY>Karan Mewara - (from 1-Apr-2021)</SVCURRENTCOMPANY>
                    </STATICVARIABLES>
                </REQUESTDESC>
                <REQUESTDESC>
                    <TALLYMESSAGE>
                        <VOUCHER ACTION="CREATE" VCHTYPE="PURCHASE">
                            <VOUCHERTYPENAME>PURCHASE</VOUCHERTYPENAME>
                            <ISINVOICE>YES</ISINVOICE>
                            <DATE>20220916</DATE>
                            <REFERENCEDATE>20220916</REFERENCEDATE>
                            <REFERENCE>CIG/22-23/232</REFERENCE>
                            <PARTYLEDGERNAME>Bombay Agency</PARTYLEDGERNAME>
                            <NARRATION>Utils Import:Goods Purchase</NARRATION>
                            <EFFECTIVEDATE>20220916</EFFECTIVEDATE>
                            <ALLLEDGERENTRIES.LIST>
<LEDGERNAME>Bombay Agency</LEDGERNAME>
<REMOVEZEROENTRIES>YES</REMOVEZEROENTRIES>
<LEDGERFROMITEM>NO</LEDGERFROMITEM>
<ISDEEMEDPOSITIVE>NO</ISDEEMEDPOSITIVE>
<AMOUNT>20000.0</AMOUNT>
                            </ALLLEDGERENTRIES.LIST>
                            <ALLLEDGERENTRIES.LIST>
<LEDGERNAME>Purchase 28%</LEDGERNAME>
<REMOVEZEROENTRIES>YES</REMOVEZEROENTRIES>
<LEDGERFROMITEM>NO</LEDGERFROMITEM>
<ISDEEMEDPOSITIVE>YES</ISDEEMEDPOSITIVE>
<AMOUNT>-8635.0</AMOUNT>
                            </ALLLEDGERENTRIES.LIST>
                            <ALLLEDGERENTRIES.LIST>
<LEDGERNAME>Input CGST 14%</LEDGERNAME>
<REMOVEZEROENTRIES>YES</REMOVEZEROENTRIES>
<LEDGERFROMITEM>NO</LEDGERFROMITEM>
<ISDEEMEDPOSITIVE>YES</ISDEEMEDPOSITIVE>
<AMOUNT>-1208.9</AMOUNT>
                            </ALLLEDGERENTRIES.LIST>
                            <ALLLEDGERENTRIES.LIST>
<LEDGERNAME>Input SGST 14%</LEDGERNAME>
<REMOVEZEROENTRIES>YES</REMOVEZEROENTRIES>
<LEDGERFROMITEM>NO</LEDGERFROMITEM>
<ISDEEMEDPOSITIVE>YES</ISDEEMEDPOSITIVE>
<AMOUNT>-1208.9</AMOUNT>
                            </ALLLEDGERENTRIES.LIST>
                            <ALLLEDGERENTRIES.LIST>
<LEDGERNAME>Cess</LEDGERNAME>
<REMOVEZEROENTRIES>YES</REMOVEZEROENTRIES>
<LEDGERFROMITEM>NO</LEDGERFROMITEM>
<ISDEEMEDPOSITIVE>YES</ISDEEMEDPOSITIVE>
<AMOUNT>-8947.0</AMOUNT>
                            </ALLLEDGERENTRIES.LIST>
                            <ALLLEDGERENTRIES.LIST>
<LEDGERNAME>R Off</LEDGERNAME>
<REMOVEZEROENTRIES>YES</REMOVEZEROENTRIES>
<LEDGERFROMITEM>NO</LEDGERFROMITEM>
<ISDEEMEDPOSITIVE>YES</ISDEEMEDPOSITIVE>
<AMOUNT>-0.2</AMOUNT>
                            </ALLLEDGERENTRIES.LIST>
                        </VOUCHER>
                    </TALLYMESSAGE>
                </REQUESTDESC>
            </IMPORTDATA>
        </BODY>
    </ENVELOPE>
    <ENVELOPE>
        <HEADER>
            <TALLYREQUEST>IMPORT_DATA</TALLYREQUEST>
        </HEADER>
        <BODY>
            <IMPORTDATA>
                <REQUESTDESC>
                    <REPORTNAME>VOUCHERS</REPORTNAME>
                    <STATICVARIABLES>
                        <SVCURRENTCOMPANY>Karan Mewara - (from 1-Apr-2021)</SVCURRENTCOMPANY>
                    </STATICVARIABLES>
                </REQUESTDESC>
                <REQUESTDESC>
                    <TALLYMESSAGE>
                        <VOUCHER ACTION="CREATE" VCHTYPE="PURCHASE">
                            <VOUCHERTYPENAME>PURCHASE</VOUCHERTYPENAME>
                            <ISINVOICE>YES</ISINVOICE>
                            <DATE>20220917</DATE>
                            <REFERENCEDATE>20220917</REFERENCEDATE>
                            <REFERENCE>CIG/22-23/234</REFERENCE>
                            <PARTYLEDGERNAME>Bombay Agency</PARTYLEDGERNAME>
                            <NARRATION>Utils Import:Goods Purchase</NARRATION>
                            <EFFECTIVEDATE>20220917</EFFECTIVEDATE>
                            <ALLLEDGERENTRIES.LIST>
<LEDGERNAME>Bombay Agency</LEDGERNAME>
<REMOVEZEROENTRIES>YES</REMOVEZEROENTRIES>
<LEDGERFROMITEM>NO</LEDGERFROMITEM>
<ISDEEMEDPOSITIVE>NO</ISDEEMEDPOSITIVE>
<AMOUNT>40350.0</AMOUNT>
                            </ALLLEDGERENTRIES.LIST>
                            <ALLLEDGERENTRIES.LIST>
<LEDGERNAME>Purchase 28%</LEDGERNAME>
<REMOVEZEROENTRIES>YES</REMOVEZEROENTRIES>
<LEDGERFROMITEM>NO</LEDGERFROMITEM>
<ISDEEMEDPOSITIVE>YES</ISDEEMEDPOSITIVE>
<AMOUNT>-18501.0</AMOUNT>
                            </ALLLEDGERENTRIES.LIST>
                            <ALLLEDGERENTRIES.LIST>
<LEDGERNAME>Input CGST 14%</LEDGERNAME>
<REMOVEZEROENTRIES>YES</REMOVEZEROENTRIES>
<LEDGERFROMITEM>NO</LEDGERFROMITEM>
<ISDEEMEDPOSITIVE>YES</ISDEEMEDPOSITIVE>
<AMOUNT>-2590.14</AMOUNT>
                            </ALLLEDGERENTRIES.LIST>
                            <ALLLEDGERENTRIES.LIST>
<LEDGERNAME>Input SGST 14%</LEDGERNAME>
<REMOVEZEROENTRIES>YES</REMOVEZEROENTRIES>
<LEDGERFROMITEM>NO</LEDGERFROMITEM>
<ISDEEMEDPOSITIVE>YES</ISDEEMEDPOSITIVE>
<AMOUNT>-2590.14</AMOUNT>
                            </ALLLEDGERENTRIES.LIST>
                            <ALLLEDGERENTRIES.LIST>
<LEDGERNAME>Cess</LEDGERNAME>
<REMOVEZEROENTRIES>YES</REMOVEZEROENTRIES>
<LEDGERFROMITEM>NO</LEDGERFROMITEM>
<ISDEEMEDPOSITIVE>YES</ISDEEMEDPOSITIVE>
<AMOUNT>-16668.0</AMOUNT>
                            </ALLLEDGERENTRIES.LIST>
                            <ALLLEDGERENTRIES.LIST>
<LEDGERNAME>R Off</LEDGERNAME>
<REMOVEZEROENTRIES>YES</REMOVEZEROENTRIES>
<LEDGERFROMITEM>NO</LEDGERFROMITEM>
<ISDEEMEDPOSITIVE>YES</ISDEEMEDPOSITIVE>
<AMOUNT>-0.72</AMOUNT>
                            </ALLLEDGERENTRIES.LIST>
                        </VOUCHER>
                    </TALLYMESSAGE>
                </REQUESTDESC>
            </IMPORTDATA>
        </BODY>
    </ENVELOPE>
    <ENVELOPE>
        <HEADER>
            <TALLYREQUEST>IMPORT_DATA</TALLYREQUEST>
        </HEADER>
        <BODY>
            <IMPORTDATA>
                <REQUESTDESC>
                    <REPORTNAME>VOUCHERS</REPORTNAME>
                    <STATICVARIABLES>
                        <SVCURRENTCOMPANY>Karan Mewara - (from 1-Apr-2021)</SVCURRENTCOMPANY>
                    </STATICVARIABLES>
                </REQUESTDESC>
                <REQUESTDESC>
                    <TALLYMESSAGE>
                        <VOUCHER ACTION="CREATE" VCHTYPE="PURCHASE">
                            <VOUCHERTYPENAME>PURCHASE</VOUCHERTYPENAME>
                            <ISINVOICE>YES</ISINVOICE>
                            <DATE>20220919</DATE>
                            <REFERENCEDATE>20220919</REFERENCEDATE>
                            <REFERENCE>CIG/22-23/236</REFERENCE>
                            <PARTYLEDGERNAME>Bombay Agency</PARTYLEDGERNAME>
                            <NARRATION>Utils Import:Goods Purchase</NARRATION>
                            <EFFECTIVEDATE>20220919</EFFECTIVEDATE>
                            <ALLLEDGERENTRIES.LIST>
<LEDGERNAME>Bombay Agency</LEDGERNAME>
<REMOVEZEROENTRIES>YES</REMOVEZEROENTRIES>
<LEDGERFROMITEM>NO</LEDGERFROMITEM>
<ISDEEMEDPOSITIVE>NO</ISDEEMEDPOSITIVE>
<AMOUNT>32545.0</AMOUNT>
                            </ALLLEDGERENTRIES.LIST>
                            <ALLLEDGERENTRIES.LIST>
<LEDGERNAME>Purchase 28%</LEDGERNAME>
<REMOVEZEROENTRIES>YES</REMOVEZEROENTRIES>
<LEDGERFROMITEM>NO</LEDGERFROMITEM>
<ISDEEMEDPOSITIVE>YES</ISDEEMEDPOSITIVE>
<AMOUNT>-14660.0</AMOUNT>
                            </ALLLEDGERENTRIES.LIST>
                            <ALLLEDGERENTRIES.LIST>
<LEDGERNAME>Input CGST 14%</LEDGERNAME>
<REMOVEZEROENTRIES>YES</REMOVEZEROENTRIES>
<LEDGERFROMITEM>NO</LEDGERFROMITEM>
<ISDEEMEDPOSITIVE>YES</ISDEEMEDPOSITIVE>
<AMOUNT>-2052.4</AMOUNT>
                            </ALLLEDGERENTRIES.LIST>
                            <ALLLEDGERENTRIES.LIST>
<LEDGERNAME>Input SGST 14%</LEDGERNAME>
<REMOVEZEROENTRIES>YES</REMOVEZEROENTRIES>
<LEDGERFROMITEM>NO</LEDGERFROMITEM>
<ISDEEMEDPOSITIVE>YES</ISDEEMEDPOSITIVE>
<AMOUNT>-2052.4</AMOUNT>
                            </ALLLEDGERENTRIES.LIST>
                            <ALLLEDGERENTRIES.LIST>
<LEDGERNAME>Cess</LEDGERNAME>
<REMOVEZEROENTRIES>YES</REMOVEZEROENTRIES>
<LEDGERFROMITEM>NO</LEDGERFROMITEM>
<ISDEEMEDPOSITIVE>YES</ISDEEMEDPOSITIVE>
<AMOUNT>-13781.0</AMOUNT>
                            </ALLLEDGERENTRIES.LIST>
                            <ALLLEDGERENTRIES.LIST>
<LEDGERNAME>R Off</LEDGERNAME>
<REMOVEZEROENTRIES>YES</REMOVEZEROENTRIES>
<LEDGERFROMITEM>NO</LEDGERFROMITEM>
<ISDEEMEDPOSITIVE>YES</ISDEEMEDPOSITIVE>
<AMOUNT>0.8</AMOUNT>
                            </ALLLEDGERENTRIES.LIST>
                        </VOUCHER>
                    </TALLYMESSAGE>
                </REQUESTDESC>
            </IMPORTDATA>
        </BODY>
    </ENVELOPE>
    <ENVELOPE>
        <HEADER>
            <TALLYREQUEST>IMPORT_DATA</TALLYREQUEST>
        </HEADER>
        <BODY>
            <IMPORTDATA>
                <REQUESTDESC>
                    <REPORTNAME>VOUCHERS</REPORTNAME>
                    <STATICVARIABLES>
                        <SVCURRENTCOMPANY>Karan Mewara - (from 1-Apr-2021)</SVCURRENTCOMPANY>
                    </STATICVARIABLES>
                </REQUESTDESC>
                <REQUESTDESC>
                    <TALLYMESSAGE>
                        <VOUCHER ACTION="CREATE" VCHTYPE="PURCHASE">
                            <VOUCHERTYPENAME>PURCHASE</VOUCHERTYPENAME>
                            <ISINVOICE>YES</ISINVOICE>
                            <DATE>20220920</DATE>
                            <REFERENCEDATE>20220920</REFERENCEDATE>
                            <REFERENCE>CIG/22-23/238</REFERENCE>
                            <PARTYLEDGERNAME>Bombay Agency</PARTYLEDGERNAME>
                            <NARRATION>Utils Import:Goods Purchase</NARRATION>
                            <EFFECTIVEDATE>20220920</EFFECTIVEDATE>
                            <ALLLEDGERENTRIES.LIST>
<LEDGERNAME>Bombay Agency</LEDGERNAME>
<REMOVEZEROENTRIES>YES</REMOVEZEROENTRIES>
<LEDGERFROMITEM>NO</LEDGERFROMITEM>
<ISDEEMEDPOSITIVE>NO</ISDEEMEDPOSITIVE>
<AMOUNT>39265.0</AMOUNT>
                            </ALLLEDGERENTRIES.LIST>
                            <ALLLEDGERENTRIES.LIST>
<LEDGERNAME>Purchase 28%</LEDGERNAME>
<REMOVEZEROENTRIES>YES</REMOVEZEROENTRIES>
<LEDGERFROMITEM>NO</LEDGERFROMITEM>
<ISDEEMEDPOSITIVE>YES</ISDEEMEDPOSITIVE>
<AMOUNT>-17604.0</AMOUNT>
                            </ALLLEDGERENTRIES.LIST>
                            <ALLLEDGERENTRIES.LIST>
<LEDGERNAME>Input CGST 14%</LEDGERNAME>
<REMOVEZEROENTRIES>YES</REMOVEZEROENTRIES>
<LEDGERFROMITEM>NO</LEDGERFROMITEM>
<ISDEEMEDPOSITIVE>YES</ISDEEMEDPOSITIVE>
<AMOUNT>-2464.56</AMOUNT>
                            </ALLLEDGERENTRIES.LIST>
                            <ALLLEDGERENTRIES.LIST>
<LEDGERNAME>Input SGST 14%</LEDGERNAME>
<REMOVEZEROENTRIES>YES</REMOVEZEROENTRIES>
<LEDGERFROMITEM>NO</LEDGERFROMITEM>
<ISDEEMEDPOSITIVE>YES</ISDEEMEDPOSITIVE>
<AMOUNT>-2464.56</AMOUNT>
                            </ALLLEDGERENTRIES.LIST>
                            <ALLLEDGERENTRIES.LIST>
<LEDGERNAME>Cess</LEDGERNAME>
<REMOVEZEROENTRIES>YES</REMOVEZEROENTRIES>
<LEDGERFROMITEM>NO</LEDGERFROMITEM>
<ISDEEMEDPOSITIVE>YES</ISDEEMEDPOSITIVE>
<AMOUNT>-16731.0</AMOUNT>
                            </ALLLEDGERENTRIES.LIST>
                            <ALLLEDGERENTRIES.LIST>
<LEDGERNAME>R Off</LEDGERNAME>
<REMOVEZEROENTRIES>YES</REMOVEZEROENTRIES>
<LEDGERFROMITEM>NO</LEDGERFROMITEM>
<ISDEEMEDPOSITIVE>YES</ISDEEMEDPOSITIVE>
<AMOUNT>-0.88</AMOUNT>
                            </ALLLEDGERENTRIES.LIST>
                        </VOUCHER>
                    </TALLYMESSAGE>
                </REQUESTDESC>
            </IMPORTDATA>
        </BODY>
    </ENVELOPE>
    <ENVELOPE>
        <HEADER>
            <TALLYREQUEST>IMPORT_DATA</TALLYREQUEST>
        </HEADER>
        <BODY>
            <IMPORTDATA>
                <REQUESTDESC>
                    <REPORTNAME>VOUCHERS</REPORTNAME>
                    <STATICVARIABLES>
                        <SVCURRENTCOMPANY>Karan Mewara - (from 1-Apr-2021)</SVCURRENTCOMPANY>
                    </STATICVARIABLES>
                </REQUESTDESC>
                <REQUESTDESC>
                    <TALLYMESSAGE>
                        <VOUCHER ACTION="CREATE" VCHTYPE="PURCHASE">
                            <VOUCHERTYPENAME>PURCHASE</VOUCHERTYPENAME>
                            <ISINVOICE>YES</ISINVOICE>
                            <DATE>20220921</DATE>
                            <REFERENCEDATE>20220921</REFERENCEDATE>
                            <REFERENCE>CIG/22-23/239</REFERENCE>
                            <PARTYLEDGERNAME>Bombay Agency</PARTYLEDGERNAME>
                            <NARRATION>Utils Import:Goods Purchase</NARRATION>
                            <EFFECTIVEDATE>20220921</EFFECTIVEDATE>
                            <ALLLEDGERENTRIES.LIST>
<LEDGERNAME>Bombay Agency</LEDGERNAME>
<REMOVEZEROENTRIES>YES</REMOVEZEROENTRIES>
<LEDGERFROMITEM>NO</LEDGERFROMITEM>
<ISDEEMEDPOSITIVE>NO</ISDEEMEDPOSITIVE>
<AMOUNT>35720.0</AMOUNT>
                            </ALLLEDGERENTRIES.LIST>
                            <ALLLEDGERENTRIES.LIST>
<LEDGERNAME>Purchase 28%</LEDGERNAME>
<REMOVEZEROENTRIES>YES</REMOVEZEROENTRIES>
<LEDGERFROMITEM>NO</LEDGERFROMITEM>
<ISDEEMEDPOSITIVE>YES</ISDEEMEDPOSITIVE>
<AMOUNT>-15498.0</AMOUNT>
                            </ALLLEDGERENTRIES.LIST>
                            <ALLLEDGERENTRIES.LIST>
<LEDGERNAME>Input CGST 14%</LEDGERNAME>
<REMOVEZEROENTRIES>YES</REMOVEZEROENTRIES>
<LEDGERFROMITEM>NO</LEDGERFROMITEM>
<ISDEEMEDPOSITIVE>YES</ISDEEMEDPOSITIVE>
<AMOUNT>-2169.72</AMOUNT>
                            </ALLLEDGERENTRIES.LIST>
                            <ALLLEDGERENTRIES.LIST>
<LEDGERNAME>Input SGST 14%</LEDGERNAME>
<REMOVEZEROENTRIES>YES</REMOVEZEROENTRIES>
<LEDGERFROMITEM>NO</LEDGERFROMITEM>
<ISDEEMEDPOSITIVE>YES</ISDEEMEDPOSITIVE>
<AMOUNT>-2169.72</AMOUNT>
                            </ALLLEDGERENTRIES.LIST>
                            <ALLLEDGERENTRIES.LIST>
<LEDGERNAME>Cess</LEDGERNAME>
<REMOVEZEROENTRIES>YES</REMOVEZEROENTRIES>
<LEDGERFROMITEM>NO</LEDGERFROMITEM>
<ISDEEMEDPOSITIVE>YES</ISDEEMEDPOSITIVE>
<AMOUNT>-15882.0</AMOUNT>
                            </ALLLEDGERENTRIES.LIST>
                            <ALLLEDGERENTRIES.LIST>
<LEDGERNAME>R Off</LEDGERNAME>
<REMOVEZEROENTRIES>YES</REMOVEZEROENTRIES>
<LEDGERFROMITEM>NO</LEDGERFROMITEM>
<ISDEEMEDPOSITIVE>YES</ISDEEMEDPOSITIVE>
<AMOUNT>-0.56</AMOUNT>
                            </ALLLEDGERENTRIES.LIST>
                        </VOUCHER>
                    </TALLYMESSAGE>
                </REQUESTDESC>
            </IMPORTDATA>
        </BODY>
    </ENVELOPE>
    <ENVELOPE>
        <HEADER>
            <TALLYREQUEST>IMPORT_DATA</TALLYREQUEST>
        </HEADER>
        <BODY>
            <IMPORTDATA>
                <REQUESTDESC>
                    <REPORTNAME>VOUCHERS</REPORTNAME>
                    <STATICVARIABLES>
                        <SVCURRENTCOMPANY>Karan Mewara - (from 1-Apr-2021)</SVCURRENTCOMPANY>
                    </STATICVARIABLES>
                </REQUESTDESC>
                <REQUESTDESC>
                    <TALLYMESSAGE>
                        <VOUCHER ACTION="CREATE" VCHTYPE="PURCHASE">
                            <VOUCHERTYPENAME>PURCHASE</VOUCHERTYPENAME>
                            <ISINVOICE>YES</ISINVOICE>
                            <DATE>20220922</DATE>
                            <REFERENCEDATE>20220922</REFERENCEDATE>
                            <REFERENCE>CIG/22-23/240</REFERENCE>
                            <PARTYLEDGERNAME>Bombay Agency</PARTYLEDGERNAME>
                            <NARRATION>Utils Import:Goods Purchase</NARRATION>
                            <EFFECTIVEDATE>20220922</EFFECTIVEDATE>
                            <ALLLEDGERENTRIES.LIST>
<LEDGERNAME>Bombay Agency</LEDGERNAME>
<REMOVEZEROENTRIES>YES</REMOVEZEROENTRIES>
<LEDGERFROMITEM>NO</LEDGERFROMITEM>
<ISDEEMEDPOSITIVE>NO</ISDEEMEDPOSITIVE>
<AMOUNT>32480.0</AMOUNT>
                            </ALLLEDGERENTRIES.LIST>
                            <ALLLEDGERENTRIES.LIST>
<LEDGERNAME>Purchase 28%</LEDGERNAME>
<REMOVEZEROENTRIES>YES</REMOVEZEROENTRIES>
<LEDGERFROMITEM>NO</LEDGERFROMITEM>
<ISDEEMEDPOSITIVE>YES</ISDEEMEDPOSITIVE>
<AMOUNT>-14992.0</AMOUNT>
                            </ALLLEDGERENTRIES.LIST>
                            <ALLLEDGERENTRIES.LIST>
<LEDGERNAME>Input CGST 14%</LEDGERNAME>
<REMOVEZEROENTRIES>YES</REMOVEZEROENTRIES>
<LEDGERFROMITEM>NO</LEDGERFROMITEM>
<ISDEEMEDPOSITIVE>YES</ISDEEMEDPOSITIVE>
<AMOUNT>-2098.88</AMOUNT>
                            </ALLLEDGERENTRIES.LIST>
                            <ALLLEDGERENTRIES.LIST>
<LEDGERNAME>Input SGST 14%</LEDGERNAME>
<REMOVEZEROENTRIES>YES</REMOVEZEROENTRIES>
<LEDGERFROMITEM>NO</LEDGERFROMITEM>
<ISDEEMEDPOSITIVE>YES</ISDEEMEDPOSITIVE>
<AMOUNT>-2098.88</AMOUNT>
                            </ALLLEDGERENTRIES.LIST>
                            <ALLLEDGERENTRIES.LIST>
<LEDGERNAME>Cess</LEDGERNAME>
<REMOVEZEROENTRIES>YES</REMOVEZEROENTRIES>
<LEDGERFROMITEM>NO</LEDGERFROMITEM>
<ISDEEMEDPOSITIVE>YES</ISDEEMEDPOSITIVE>
<AMOUNT>-13290.0</AMOUNT>
                            </ALLLEDGERENTRIES.LIST>
                            <ALLLEDGERENTRIES.LIST>
<LEDGERNAME>R Off</LEDGERNAME>
<REMOVEZEROENTRIES>YES</REMOVEZEROENTRIES>
<LEDGERFROMITEM>NO</LEDGERFROMITEM>
<ISDEEMEDPOSITIVE>YES</ISDEEMEDPOSITIVE>
<AMOUNT>-0.24</AMOUNT>
                            </ALLLEDGERENTRIES.LIST>
                        </VOUCHER>
                    </TALLYMESSAGE>
                </REQUESTDESC>
            </IMPORTDATA>
        </BODY>
    </ENVELOPE>
    <ENVELOPE>
        <HEADER>
            <TALLYREQUEST>IMPORT_DATA</TALLYREQUEST>
        </HEADER>
        <BODY>
            <IMPORTDATA>
                <REQUESTDESC>
                    <REPORTNAME>VOUCHERS</REPORTNAME>
                    <STATICVARIABLES>
                        <SVCURRENTCOMPANY>Karan Mewara - (from 1-Apr-2021)</SVCURRENTCOMPANY>
                    </STATICVARIABLES>
                </REQUESTDESC>
                <REQUESTDESC>
                    <TALLYMESSAGE>
                        <VOUCHER ACTION="CREATE" VCHTYPE="PURCHASE">
                            <VOUCHERTYPENAME>PURCHASE</VOUCHERTYPENAME>
                            <ISINVOICE>YES</ISINVOICE>
                            <DATE>20220923</DATE>
                            <REFERENCEDATE>20220923</REFERENCEDATE>
                            <REFERENCE>CIG/22-23/243</REFERENCE>
                            <PARTYLEDGERNAME>Bombay Agency</PARTYLEDGERNAME>
                            <NARRATION>Utils Import:Goods Purchase</NARRATION>
                            <EFFECTIVEDATE>20220923</EFFECTIVEDATE>
                            <ALLLEDGERENTRIES.LIST>
<LEDGERNAME>Bombay Agency</LEDGERNAME>
<REMOVEZEROENTRIES>YES</REMOVEZEROENTRIES>
<LEDGERFROMITEM>NO</LEDGERFROMITEM>
<ISDEEMEDPOSITIVE>NO</ISDEEMEDPOSITIVE>
<AMOUNT>19540.0</AMOUNT>
                            </ALLLEDGERENTRIES.LIST>
                            <ALLLEDGERENTRIES.LIST>
<LEDGERNAME>Purchase 28%</LEDGERNAME>
<REMOVEZEROENTRIES>YES</REMOVEZEROENTRIES>
<LEDGERFROMITEM>NO</LEDGERFROMITEM>
<ISDEEMEDPOSITIVE>YES</ISDEEMEDPOSITIVE>
<AMOUNT>-8683.0</AMOUNT>
                            </ALLLEDGERENTRIES.LIST>
                            <ALLLEDGERENTRIES.LIST>
<LEDGERNAME>Input CGST 14%</LEDGERNAME>
<REMOVEZEROENTRIES>YES</REMOVEZEROENTRIES>
<LEDGERFROMITEM>NO</LEDGERFROMITEM>
<ISDEEMEDPOSITIVE>YES</ISDEEMEDPOSITIVE>
<AMOUNT>-1215.62</AMOUNT>
                            </ALLLEDGERENTRIES.LIST>
                            <ALLLEDGERENTRIES.LIST>
<LEDGERNAME>Input SGST 14%</LEDGERNAME>
<REMOVEZEROENTRIES>YES</REMOVEZEROENTRIES>
<LEDGERFROMITEM>NO</LEDGERFROMITEM>
<ISDEEMEDPOSITIVE>YES</ISDEEMEDPOSITIVE>
<AMOUNT>-1215.62</AMOUNT>
                            </ALLLEDGERENTRIES.LIST>
                            <ALLLEDGERENTRIES.LIST>
<LEDGERNAME>Cess</LEDGERNAME>
<REMOVEZEROENTRIES>YES</REMOVEZEROENTRIES>
<LEDGERFROMITEM>NO</LEDGERFROMITEM>
<ISDEEMEDPOSITIVE>YES</ISDEEMEDPOSITIVE>
<AMOUNT>-8427.0</AMOUNT>
                            </ALLLEDGERENTRIES.LIST>
                            <ALLLEDGERENTRIES.LIST>
<LEDGERNAME>R Off</LEDGERNAME>
<REMOVEZEROENTRIES>YES</REMOVEZEROENTRIES>
<LEDGERFROMITEM>NO</LEDGERFROMITEM>
<ISDEEMEDPOSITIVE>YES</ISDEEMEDPOSITIVE>
<AMOUNT>1.24</AMOUNT>
                            </ALLLEDGERENTRIES.LIST>
                        </VOUCHER>
                    </TALLYMESSAGE>
                </REQUESTDESC>
            </IMPORTDATA>
        </BODY>
    </ENVELOPE>
    <ENVELOPE>
        <HEADER>
            <TALLYREQUEST>IMPORT_DATA</TALLYREQUEST>
        </HEADER>
        <BODY>
            <IMPORTDATA>
                <REQUESTDESC>
                    <REPORTNAME>VOUCHERS</REPORTNAME>
                    <STATICVARIABLES>
                        <SVCURRENTCOMPANY>Karan Mewara - (from 1-Apr-2021)</SVCURRENTCOMPANY>
                    </STATICVARIABLES>
                </REQUESTDESC>
                <REQUESTDESC>
                    <TALLYMESSAGE>
                        <VOUCHER ACTION="CREATE" VCHTYPE="PURCHASE">
                            <VOUCHERTYPENAME>PURCHASE</VOUCHERTYPENAME>
                            <ISINVOICE>YES</ISINVOICE>
                            <DATE>20220924</DATE>
                            <REFERENCEDATE>20220924</REFERENCEDATE>
                            <REFERENCE>CIG/22-23/244</REFERENCE>
                            <PARTYLEDGERNAME>Bombay Agency</PARTYLEDGERNAME>
                            <NARRATION>Utils Import:Goods Purchase</NARRATION>
                            <EFFECTIVEDATE>20220924</EFFECTIVEDATE>
                            <ALLLEDGERENTRIES.LIST>
<LEDGERNAME>Bombay Agency</LEDGERNAME>
<REMOVEZEROENTRIES>YES</REMOVEZEROENTRIES>
<LEDGERFROMITEM>NO</LEDGERFROMITEM>
<ISDEEMEDPOSITIVE>NO</ISDEEMEDPOSITIVE>
<AMOUNT>49010.0</AMOUNT>
                            </ALLLEDGERENTRIES.LIST>
                            <ALLLEDGERENTRIES.LIST>
<LEDGERNAME>Purchase 28%</LEDGERNAME>
<REMOVEZEROENTRIES>YES</REMOVEZEROENTRIES>
<LEDGERFROMITEM>NO</LEDGERFROMITEM>
<ISDEEMEDPOSITIVE>YES</ISDEEMEDPOSITIVE>
<AMOUNT>-22196.0</AMOUNT>
                            </ALLLEDGERENTRIES.LIST>
                            <ALLLEDGERENTRIES.LIST>
<LEDGERNAME>Input CGST 14%</LEDGERNAME>
<REMOVEZEROENTRIES>YES</REMOVEZEROENTRIES>
<LEDGERFROMITEM>NO</LEDGERFROMITEM>
<ISDEEMEDPOSITIVE>YES</ISDEEMEDPOSITIVE>
<AMOUNT>-3107.44</AMOUNT>
                            </ALLLEDGERENTRIES.LIST>
                            <ALLLEDGERENTRIES.LIST>
<LEDGERNAME>Input SGST 14%</LEDGERNAME>
<REMOVEZEROENTRIES>YES</REMOVEZEROENTRIES>
<LEDGERFROMITEM>NO</LEDGERFROMITEM>
<ISDEEMEDPOSITIVE>YES</ISDEEMEDPOSITIVE>
<AMOUNT>-3107.44</AMOUNT>
                            </ALLLEDGERENTRIES.LIST>
                            <ALLLEDGERENTRIES.LIST>
<LEDGERNAME>Cess</LEDGERNAME>
<REMOVEZEROENTRIES>YES</REMOVEZEROENTRIES>
<LEDGERFROMITEM>NO</LEDGERFROMITEM>
<ISDEEMEDPOSITIVE>YES</ISDEEMEDPOSITIVE>
<AMOUNT>-20600.0</AMOUNT>
                            </ALLLEDGERENTRIES.LIST>
                            <ALLLEDGERENTRIES.LIST>
<LEDGERNAME>R Off</LEDGERNAME>
<REMOVEZEROENTRIES>YES</REMOVEZEROENTRIES>
<LEDGERFROMITEM>NO</LEDGERFROMITEM>
<ISDEEMEDPOSITIVE>YES</ISDEEMEDPOSITIVE>
<AMOUNT>0.88</AMOUNT>
                            </ALLLEDGERENTRIES.LIST>
                        </VOUCHER>
                    </TALLYMESSAGE>
                </REQUESTDESC>
            </IMPORTDATA>
        </BODY>
    </ENVELOPE>
    <ENVELOPE>
        <HEADER>
            <TALLYREQUEST>IMPORT_DATA</TALLYREQUEST>
        </HEADER>
        <BODY>
            <IMPORTDATA>
                <REQUESTDESC>
                    <REPORTNAME>VOUCHERS</REPORTNAME>
                    <STATICVARIABLES>
                        <SVCURRENTCOMPANY>Karan Mewara - (from 1-Apr-2021)</SVCURRENTCOMPANY>
                    </STATICVARIABLES>
                </REQUESTDESC>
                <REQUESTDESC>
                    <TALLYMESSAGE>
                        <VOUCHER ACTION="CREATE" VCHTYPE="PURCHASE">
                            <VOUCHERTYPENAME>PURCHASE</VOUCHERTYPENAME>
                            <ISINVOICE>YES</ISINVOICE>
                            <DATE>20220926</DATE>
                            <REFERENCEDATE>20220926</REFERENCEDATE>
                            <REFERENCE>CIG/22-23/247</REFERENCE>
                            <PARTYLEDGERNAME>Bombay Agency</PARTYLEDGERNAME>
                            <NARRATION>Utils Import:Goods Purchase</NARRATION>
                            <EFFECTIVEDATE>20220926</EFFECTIVEDATE>
                            <ALLLEDGERENTRIES.LIST>
<LEDGERNAME>Bombay Agency</LEDGERNAME>
<REMOVEZEROENTRIES>YES</REMOVEZEROENTRIES>
<LEDGERFROMITEM>NO</LEDGERFROMITEM>
<ISDEEMEDPOSITIVE>NO</ISDEEMEDPOSITIVE>
<AMOUNT>37570.0</AMOUNT>
                            </ALLLEDGERENTRIES.LIST>
                            <ALLLEDGERENTRIES.LIST>
<LEDGERNAME>Purchase 28%</LEDGERNAME>
<REMOVEZEROENTRIES>YES</REMOVEZEROENTRIES>
<LEDGERFROMITEM>NO</LEDGERFROMITEM>
<ISDEEMEDPOSITIVE>YES</ISDEEMEDPOSITIVE>
<AMOUNT>-17090.0</AMOUNT>
                            </ALLLEDGERENTRIES.LIST>
                            <ALLLEDGERENTRIES.LIST>
<LEDGERNAME>Input CGST 14%</LEDGERNAME>
<REMOVEZEROENTRIES>YES</REMOVEZEROENTRIES>
<LEDGERFROMITEM>NO</LEDGERFROMITEM>
<ISDEEMEDPOSITIVE>YES</ISDEEMEDPOSITIVE>
<AMOUNT>-2392.6</AMOUNT>
                            </ALLLEDGERENTRIES.LIST>
                            <ALLLEDGERENTRIES.LIST>
<LEDGERNAME>Input SGST 14%</LEDGERNAME>
<REMOVEZEROENTRIES>YES</REMOVEZEROENTRIES>
<LEDGERFROMITEM>NO</LEDGERFROMITEM>
<ISDEEMEDPOSITIVE>YES</ISDEEMEDPOSITIVE>
<AMOUNT>-2392.6</AMOUNT>
                            </ALLLEDGERENTRIES.LIST>
                            <ALLLEDGERENTRIES.LIST>
<LEDGERNAME>Cess</LEDGERNAME>
<REMOVEZEROENTRIES>YES</REMOVEZEROENTRIES>
<LEDGERFROMITEM>NO</LEDGERFROMITEM>
<ISDEEMEDPOSITIVE>YES</ISDEEMEDPOSITIVE>
<AMOUNT>-15696.0</AMOUNT>
                            </ALLLEDGERENTRIES.LIST>
                            <ALLLEDGERENTRIES.LIST>
<LEDGERNAME>R Off</LEDGERNAME>
<REMOVEZEROENTRIES>YES</REMOVEZEROENTRIES>
<LEDGERFROMITEM>NO</LEDGERFROMITEM>
<ISDEEMEDPOSITIVE>YES</ISDEEMEDPOSITIVE>
<AMOUNT>1.2</AMOUNT>
                            </ALLLEDGERENTRIES.LIST>
                        </VOUCHER>
                    </TALLYMESSAGE>
                </REQUESTDESC>
            </IMPORTDATA>
        </BODY>
    </ENVELOPE>
    <ENVELOPE>
        <HEADER>
            <TALLYREQUEST>IMPORT_DATA</TALLYREQUEST>
        </HEADER>
        <BODY>
            <IMPORTDATA>
                <REQUESTDESC>
                    <REPORTNAME>VOUCHERS</REPORTNAME>
                    <STATICVARIABLES>
                        <SVCURRENTCOMPANY>Karan Mewara - (from 1-Apr-2021)</SVCURRENTCOMPANY>
                    </STATICVARIABLES>
                </REQUESTDESC>
                <REQUESTDESC>
                    <TALLYMESSAGE>
                        <VOUCHER ACTION="CREATE" VCHTYPE="PURCHASE">
                            <VOUCHERTYPENAME>PURCHASE</VOUCHERTYPENAME>
                            <ISINVOICE>YES</ISINVOICE>
                            <DATE>20220927</DATE>
                            <REFERENCEDATE>20220927</REFERENCEDATE>
                            <REFERENCE>CIG/22-23/248</REFERENCE>
                            <PARTYLEDGERNAME>Bombay Agency</PARTYLEDGERNAME>
                            <NARRATION>Utils Import:Goods Purchase</NARRATION>
                            <EFFECTIVEDATE>20220927</EFFECTIVEDATE>
                            <ALLLEDGERENTRIES.LIST>
<LEDGERNAME>Bombay Agency</LEDGERNAME>
<REMOVEZEROENTRIES>YES</REMOVEZEROENTRIES>
<LEDGERFROMITEM>NO</LEDGERFROMITEM>
<ISDEEMEDPOSITIVE>NO</ISDEEMEDPOSITIVE>
<AMOUNT>9125.0</AMOUNT>
                            </ALLLEDGERENTRIES.LIST>
                            <ALLLEDGERENTRIES.LIST>
<LEDGERNAME>Purchase 28%</LEDGERNAME>
<REMOVEZEROENTRIES>YES</REMOVEZEROENTRIES>
<LEDGERFROMITEM>NO</LEDGERFROMITEM>
<ISDEEMEDPOSITIVE>YES</ISDEEMEDPOSITIVE>
<AMOUNT>-4129.0</AMOUNT>
                            </ALLLEDGERENTRIES.LIST>
                            <ALLLEDGERENTRIES.LIST>
<LEDGERNAME>Input CGST 14%</LEDGERNAME>
<REMOVEZEROENTRIES>YES</REMOVEZEROENTRIES>
<LEDGERFROMITEM>NO</LEDGERFROMITEM>
<ISDEEMEDPOSITIVE>YES</ISDEEMEDPOSITIVE>
<AMOUNT>-578.06</AMOUNT>
                            </ALLLEDGERENTRIES.LIST>
                            <ALLLEDGERENTRIES.LIST>
<LEDGERNAME>Input SGST 14%</LEDGERNAME>
<REMOVEZEROENTRIES>YES</REMOVEZEROENTRIES>
<LEDGERFROMITEM>NO</LEDGERFROMITEM>
<ISDEEMEDPOSITIVE>YES</ISDEEMEDPOSITIVE>
<AMOUNT>-578.06</AMOUNT>
                            </ALLLEDGERENTRIES.LIST>
                            <ALLLEDGERENTRIES.LIST>
<LEDGERNAME>Cess</LEDGERNAME>
<REMOVEZEROENTRIES>YES</REMOVEZEROENTRIES>
<LEDGERFROMITEM>NO</LEDGERFROMITEM>
<ISDEEMEDPOSITIVE>YES</ISDEEMEDPOSITIVE>
<AMOUNT>-3840.0</AMOUNT>
                            </ALLLEDGERENTRIES.LIST>
                            <ALLLEDGERENTRIES.LIST>
<LEDGERNAME>R Off</LEDGERNAME>
<REMOVEZEROENTRIES>YES</REMOVEZEROENTRIES>
<LEDGERFROMITEM>NO</LEDGERFROMITEM>
<ISDEEMEDPOSITIVE>YES</ISDEEMEDPOSITIVE>
<AMOUNT>0.12</AMOUNT>
                            </ALLLEDGERENTRIES.LIST>
                        </VOUCHER>
                    </TALLYMESSAGE>
                </REQUESTDESC>
            </IMPORTDATA>
        </BODY>
    </ENVELOPE>
    <ENVELOPE>
        <HEADER>
            <TALLYREQUEST>IMPORT_DATA</TALLYREQUEST>
        </HEADER>
        <BODY>
            <IMPORTDATA>
                <REQUESTDESC>
                    <REPORTNAME>VOUCHERS</REPORTNAME>
                    <STATICVARIABLES>
                        <SVCURRENTCOMPANY>Karan Mewara - (from 1-Apr-2021)</SVCURRENTCOMPANY>
                    </STATICVARIABLES>
                </REQUESTDESC>
                <REQUESTDESC>
                    <TALLYMESSAGE>
                        <VOUCHER ACTION="CREATE" VCHTYPE="PURCHASE">
                            <VOUCHERTYPENAME>PURCHASE</VOUCHERTYPENAME>
                            <ISINVOICE>YES</ISINVOICE>
                            <DATE>20220928</DATE>
                            <REFERENCEDATE>20220928</REFERENCEDATE>
                            <REFERENCE>CIG/22-23/249</REFERENCE>
                            <PARTYLEDGERNAME>Bombay Agency</PARTYLEDGERNAME>
                            <NARRATION>Utils Import:Goods Purchase</NARRATION>
                            <EFFECTIVEDATE>20220928</EFFECTIVEDATE>
                            <ALLLEDGERENTRIES.LIST>
<LEDGERNAME>Bombay Agency</LEDGERNAME>
<REMOVEZEROENTRIES>YES</REMOVEZEROENTRIES>
<LEDGERFROMITEM>NO</LEDGERFROMITEM>
<ISDEEMEDPOSITIVE>NO</ISDEEMEDPOSITIVE>
<AMOUNT>4680.0</AMOUNT>
                            </ALLLEDGERENTRIES.LIST>
                            <ALLLEDGERENTRIES.LIST>
<LEDGERNAME>Purchase 28%</LEDGERNAME>
<REMOVEZEROENTRIES>YES</REMOVEZEROENTRIES>
<LEDGERFROMITEM>NO</LEDGERFROMITEM>
<ISDEEMEDPOSITIVE>YES</ISDEEMEDPOSITIVE>
<AMOUNT>-2165.0</AMOUNT>
                            </ALLLEDGERENTRIES.LIST>
                            <ALLLEDGERENTRIES.LIST>
<LEDGERNAME>Input CGST 14%</LEDGERNAME>
<REMOVEZEROENTRIES>YES</REMOVEZEROENTRIES>
<LEDGERFROMITEM>NO</LEDGERFROMITEM>
<ISDEEMEDPOSITIVE>YES</ISDEEMEDPOSITIVE>
<AMOUNT>-303.1</AMOUNT>
                            </ALLLEDGERENTRIES.LIST>
                            <ALLLEDGERENTRIES.LIST>
<LEDGERNAME>Input SGST 14%</LEDGERNAME>
<REMOVEZEROENTRIES>YES</REMOVEZEROENTRIES>
<LEDGERFROMITEM>NO</LEDGERFROMITEM>
<ISDEEMEDPOSITIVE>YES</ISDEEMEDPOSITIVE>
<AMOUNT>-303.1</AMOUNT>
                            </ALLLEDGERENTRIES.LIST>
                            <ALLLEDGERENTRIES.LIST>
<LEDGERNAME>Cess</LEDGERNAME>
<REMOVEZEROENTRIES>YES</REMOVEZEROENTRIES>
<LEDGERFROMITEM>NO</LEDGERFROMITEM>
<ISDEEMEDPOSITIVE>YES</ISDEEMEDPOSITIVE>
<AMOUNT>-1909.0</AMOUNT>
                            </ALLLEDGERENTRIES.LIST>
                            <ALLLEDGERENTRIES.LIST>
<LEDGERNAME>R Off</LEDGERNAME>
<REMOVEZEROENTRIES>YES</REMOVEZEROENTRIES>
<LEDGERFROMITEM>NO</LEDGERFROMITEM>
<ISDEEMEDPOSITIVE>YES</ISDEEMEDPOSITIVE>
<AMOUNT>0.2</AMOUNT>
                            </ALLLEDGERENTRIES.LIST>
                        </VOUCHER>
                    </TALLYMESSAGE>
                </REQUESTDESC>
            </IMPORTDATA>
        </BODY>
    </ENVELOPE>
    <ENVELOPE>
        <HEADER>
            <TALLYREQUEST>IMPORT_DATA</TALLYREQUEST>
        </HEADER>
        <BODY>
            <IMPORTDATA>
                <REQUESTDESC>
                    <REPORTNAME>VOUCHERS</REPORTNAME>
                    <STATICVARIABLES>
                        <SVCURRENTCOMPANY>Karan Mewara - (from 1-Apr-2021)</SVCURRENTCOMPANY>
                    </STATICVARIABLES>
                </REQUESTDESC>
                <REQUESTDESC>
                    <TALLYMESSAGE>
                        <VOUCHER ACTION="CREATE" VCHTYPE="PURCHASE">
                            <VOUCHERTYPENAME>PURCHASE</VOUCHERTYPENAME>
                            <ISINVOICE>YES</ISINVOICE>
                            <DATE>20220929</DATE>
                            <REFERENCEDATE>20220929</REFERENCEDATE>
                            <REFERENCE>CIG/22-23/250</REFERENCE>
                            <PARTYLEDGERNAME>Bombay Agency</PARTYLEDGERNAME>
                            <NARRATION>Utils Import:Goods Purchase</NARRATION>
                            <EFFECTIVEDATE>20220929</EFFECTIVEDATE>
                            <ALLLEDGERENTRIES.LIST>
<LEDGERNAME>Bombay Agency</LEDGERNAME>
<REMOVEZEROENTRIES>YES</REMOVEZEROENTRIES>
<LEDGERFROMITEM>NO</LEDGERFROMITEM>
<ISDEEMEDPOSITIVE>NO</ISDEEMEDPOSITIVE>
<AMOUNT>15200.0</AMOUNT>
                            </ALLLEDGERENTRIES.LIST>
                            <ALLLEDGERENTRIES.LIST>
<LEDGERNAME>Purchase 28%</LEDGERNAME>
<REMOVEZEROENTRIES>YES</REMOVEZEROENTRIES>
<LEDGERFROMITEM>NO</LEDGERFROMITEM>
<ISDEEMEDPOSITIVE>YES</ISDEEMEDPOSITIVE>
<AMOUNT>-6726.0</AMOUNT>
                            </ALLLEDGERENTRIES.LIST>
                            <ALLLEDGERENTRIES.LIST>
<LEDGERNAME>Input CGST 14%</LEDGERNAME>
<REMOVEZEROENTRIES>YES</REMOVEZEROENTRIES>
<LEDGERFROMITEM>NO</LEDGERFROMITEM>
<ISDEEMEDPOSITIVE>YES</ISDEEMEDPOSITIVE>
<AMOUNT>-941.64</AMOUNT>
                            </ALLLEDGERENTRIES.LIST>
                            <ALLLEDGERENTRIES.LIST>
<LEDGERNAME>Input SGST 14%</LEDGERNAME>
<REMOVEZEROENTRIES>YES</REMOVEZEROENTRIES>
<LEDGERFROMITEM>NO</LEDGERFROMITEM>
<ISDEEMEDPOSITIVE>YES</ISDEEMEDPOSITIVE>
<AMOUNT>-941.64</AMOUNT>
                            </ALLLEDGERENTRIES.LIST>
                            <ALLLEDGERENTRIES.LIST>
<LEDGERNAME>Cess</LEDGERNAME>
<REMOVEZEROENTRIES>YES</REMOVEZEROENTRIES>
<LEDGERFROMITEM>NO</LEDGERFROMITEM>
<ISDEEMEDPOSITIVE>YES</ISDEEMEDPOSITIVE>
<AMOUNT>-6590.0</AMOUNT>
                            </ALLLEDGERENTRIES.LIST>
                            <ALLLEDGERENTRIES.LIST>
<LEDGERNAME>R Off</LEDGERNAME>
<REMOVEZEROENTRIES>YES</REMOVEZEROENTRIES>
<LEDGERFROMITEM>NO</LEDGERFROMITEM>
<ISDEEMEDPOSITIVE>YES</ISDEEMEDPOSITIVE>
<AMOUNT>-0.72</AMOUNT>
                            </ALLLEDGERENTRIES.LIST>
                        </VOUCHER>
                    </TALLYMESSAGE>
                </REQUESTDESC>
            </IMPORTDATA>
        </BODY>
    </ENVELOPE>
    <ENVELOPE>
        <HEADER>
            <TALLYREQUEST>IMPORT_DATA</TALLYREQUEST>
        </HEADER>
        <BODY>
            <IMPORTDATA>
                <REQUESTDESC>
                    <REPORTNAME>VOUCHERS</REPORTNAME>
                    <STATICVARIABLES>
                        <SVCURRENTCOMPANY>Karan Mewara - (from 1-Apr-2021)</SVCURRENTCOMPANY>
                    </STATICVARIABLES>
                </REQUESTDESC>
                <REQUESTDESC>
                    <TALLYMESSAGE>
                        <VOUCHER ACTION="CREATE" VCHTYPE="PURCHASE">
                            <VOUCHERTYPENAME>PURCHASE</VOUCHERTYPENAME>
                            <ISINVOICE>YES</ISINVOICE>
                            <DATE>20220930</DATE>
                            <REFERENCEDATE>20220930</REFERENCEDATE>
                            <REFERENCE>CIG/22-23/251</REFERENCE>
                            <PARTYLEDGERNAME>Bombay Agency</PARTYLEDGERNAME>
                            <NARRATION>Utils Import:Goods Purchase</NARRATION>
                            <EFFECTIVEDATE>20220930</EFFECTIVEDATE>
                            <ALLLEDGERENTRIES.LIST>
<LEDGERNAME>Bombay Agency</LEDGERNAME>
<REMOVEZEROENTRIES>YES</REMOVEZEROENTRIES>
<LEDGERFROMITEM>NO</LEDGERFROMITEM>
<ISDEEMEDPOSITIVE>NO</ISDEEMEDPOSITIVE>
<AMOUNT>5400.0</AMOUNT>
                            </ALLLEDGERENTRIES.LIST>
                            <ALLLEDGERENTRIES.LIST>
<LEDGERNAME>Purchase 28%</LEDGERNAME>
<REMOVEZEROENTRIES>YES</REMOVEZEROENTRIES>
<LEDGERFROMITEM>NO</LEDGERFROMITEM>
<ISDEEMEDPOSITIVE>YES</ISDEEMEDPOSITIVE>
<AMOUNT>-2274.0</AMOUNT>
                            </ALLLEDGERENTRIES.LIST>
                            <ALLLEDGERENTRIES.LIST>
<LEDGERNAME>Input CGST 14%</LEDGERNAME>
<REMOVEZEROENTRIES>YES</REMOVEZEROENTRIES>
<LEDGERFROMITEM>NO</LEDGERFROMITEM>
<ISDEEMEDPOSITIVE>YES</ISDEEMEDPOSITIVE>
<AMOUNT>-318.36</AMOUNT>
                            </ALLLEDGERENTRIES.LIST>
                            <ALLLEDGERENTRIES.LIST>
<LEDGERNAME>Input SGST 14%</LEDGERNAME>
<REMOVEZEROENTRIES>YES</REMOVEZEROENTRIES>
<LEDGERFROMITEM>NO</LEDGERFROMITEM>
<ISDEEMEDPOSITIVE>YES</ISDEEMEDPOSITIVE>
<AMOUNT>-318.36</AMOUNT>
                            </ALLLEDGERENTRIES.LIST>
                            <ALLLEDGERENTRIES.LIST>
<LEDGERNAME>Cess</LEDGERNAME>
<REMOVEZEROENTRIES>YES</REMOVEZEROENTRIES>
<LEDGERFROMITEM>NO</LEDGERFROMITEM>
<ISDEEMEDPOSITIVE>YES</ISDEEMEDPOSITIVE>
<AMOUNT>-2488.0</AMOUNT>
                            </ALLLEDGERENTRIES.LIST>
                            <ALLLEDGERENTRIES.LIST>
<LEDGERNAME>R Off</LEDGERNAME>
<REMOVEZEROENTRIES>YES</REMOVEZEROENTRIES>
<LEDGERFROMITEM>NO</LEDGERFROMITEM>
<ISDEEMEDPOSITIVE>YES</ISDEEMEDPOSITIVE>
<AMOUNT>-1.28</AMOUNT>
                            </ALLLEDGERENTRIES.LIST>
                        </VOUCHER>
                    </TALLYMESSAGE>
                </REQUESTDESC>
            </IMPORTDATA>
        </BODY>
    </ENVELOPE>
    <ENVELOPE>
        <HEADER>
            <TALLYREQUEST>IMPORT_DATA</TALLYREQUEST>
        </HEADER>
        <BODY>
            <IMPORTDATA>
                <REQUESTDESC>
                    <REPORTNAME>VOUCHERS</REPORTNAME>
                    <STATICVARIABLES>
                        <SVCURRENTCOMPANY>Karan Mewara - (from 1-Apr-2021)</SVCURRENTCOMPANY>
                    </STATICVARIABLES>
                </REQUESTDESC>
                <REQUESTDESC>
                    <TALLYMESSAGE>
                        <VOUCHER ACTION="CREATE" VCHTYPE="PURCHASE">
                            <VOUCHERTYPENAME>PURCHASE</VOUCHERTYPENAME>
                            <ISINVOICE>YES</ISINVOICE>
                            <DATE>20220930</DATE>
                            <REFERENCEDATE>20220930</REFERENCEDATE>
                            <REFERENCE>CIG/22-23/253</REFERENCE>
                            <PARTYLEDGERNAME>Bombay Agency</PARTYLEDGERNAME>
                            <NARRATION>Utils Import:Goods Purchase</NARRATION>
                            <EFFECTIVEDATE>20220930</EFFECTIVEDATE>
                            <ALLLEDGERENTRIES.LIST>
<LEDGERNAME>Bombay Agency</LEDGERNAME>
<REMOVEZEROENTRIES>YES</REMOVEZEROENTRIES>
<LEDGERFROMITEM>NO</LEDGERFROMITEM>
<ISDEEMEDPOSITIVE>NO</ISDEEMEDPOSITIVE>
<AMOUNT>22565.0</AMOUNT>
                            </ALLLEDGERENTRIES.LIST>
                            <ALLLEDGERENTRIES.LIST>
<LEDGERNAME>Purchase 28%</LEDGERNAME>
<REMOVEZEROENTRIES>YES</REMOVEZEROENTRIES>
<LEDGERFROMITEM>NO</LEDGERFROMITEM>
<ISDEEMEDPOSITIVE>YES</ISDEEMEDPOSITIVE>
<AMOUNT>-10290.0</AMOUNT>
                            </ALLLEDGERENTRIES.LIST>
                            <ALLLEDGERENTRIES.LIST>
<LEDGERNAME>Input CGST 14%</LEDGERNAME>
<REMOVEZEROENTRIES>YES</REMOVEZEROENTRIES>
<LEDGERFROMITEM>NO</LEDGERFROMITEM>
<ISDEEMEDPOSITIVE>YES</ISDEEMEDPOSITIVE>
<AMOUNT>-1440.6</AMOUNT>
                            </ALLLEDGERENTRIES.LIST>
                            <ALLLEDGERENTRIES.LIST>
<LEDGERNAME>Input SGST 14%</LEDGERNAME>
<REMOVEZEROENTRIES>YES</REMOVEZEROENTRIES>
<LEDGERFROMITEM>NO</LEDGERFROMITEM>
<ISDEEMEDPOSITIVE>YES</ISDEEMEDPOSITIVE>
<AMOUNT>-1440.6</AMOUNT>
                            </ALLLEDGERENTRIES.LIST>
                            <ALLLEDGERENTRIES.LIST>
<LEDGERNAME>Cess</LEDGERNAME>
<REMOVEZEROENTRIES>YES</REMOVEZEROENTRIES>
<LEDGERFROMITEM>NO</LEDGERFROMITEM>
<ISDEEMEDPOSITIVE>YES</ISDEEMEDPOSITIVE>
<AMOUNT>-9395.0</AMOUNT>
                            </ALLLEDGERENTRIES.LIST>
                            <ALLLEDGERENTRIES.LIST>
<LEDGERNAME>R Off</LEDGERNAME>
<REMOVEZEROENTRIES>YES</REMOVEZEROENTRIES>
<LEDGERFROMITEM>NO</LEDGERFROMITEM>
<ISDEEMEDPOSITIVE>YES</ISDEEMEDPOSITIVE>
<AMOUNT>1.2</AMOUNT>
                            </ALLLEDGERENTRIES.LIST>
                        </VOUCHER>
                    </TALLYMESSAGE>
                </REQUESTDESC>
            </IMPORTDATA>
        </BODY>
    </ENVELOPE>
    <ENVELOPE>
        <HEADER>
            <TALLYREQUEST>IMPORT_DATA</TALLYREQUEST>
        </HEADER>
        <BODY>
            <IMPORTDATA>
                <REQUESTDESC>
                    <REPORTNAME>VOUCHERS</REPORTNAME>
                    <STATICVARIABLES>
                        <SVCURRENTCOMPANY>Karan Mewara - (from 1-Apr-2021)</SVCURRENTCOMPANY>
                    </STATICVARIABLES>
                </REQUESTDESC>
                <REQUESTDESC>
                    <TALLYMESSAGE>
                        <VOUCHER ACTION="CREATE" VCHTYPE="PURCHASE">
                            <VOUCHERTYPENAME>PURCHASE</VOUCHERTYPENAME>
                            <ISINVOICE>YES</ISINVOICE>
                            <DATE>20220910</DATE>
                            <REFERENCEDATE>20220910</REFERENCEDATE>
                            <REFERENCE>CIG/223/224</REFERENCE>
                            <PARTYLEDGERNAME>Bombay Agency</PARTYLEDGERNAME>
                            <NARRATION>Utils Import:Goods Purchase</NARRATION>
                            <EFFECTIVEDATE>20220910</EFFECTIVEDATE>
                            <ALLLEDGERENTRIES.LIST>
<LEDGERNAME>Bombay Agency</LEDGERNAME>
<REMOVEZEROENTRIES>YES</REMOVEZEROENTRIES>
<LEDGERFROMITEM>NO</LEDGERFROMITEM>
<ISDEEMEDPOSITIVE>NO</ISDEEMEDPOSITIVE>
<AMOUNT>41650.0</AMOUNT>
                            </ALLLEDGERENTRIES.LIST>
                            <ALLLEDGERENTRIES.LIST>
<LEDGERNAME>Purchase 28%</LEDGERNAME>
<REMOVEZEROENTRIES>YES</REMOVEZEROENTRIES>
<LEDGERFROMITEM>NO</LEDGERFROMITEM>
<ISDEEMEDPOSITIVE>YES</ISDEEMEDPOSITIVE>
<AMOUNT>-19340.0</AMOUNT>
                            </ALLLEDGERENTRIES.LIST>
                            <ALLLEDGERENTRIES.LIST>
<LEDGERNAME>Input CGST 14%</LEDGERNAME>
<REMOVEZEROENTRIES>YES</REMOVEZEROENTRIES>
<LEDGERFROMITEM>NO</LEDGERFROMITEM>
<ISDEEMEDPOSITIVE>YES</ISDEEMEDPOSITIVE>
<AMOUNT>-2707.6</AMOUNT>
                            </ALLLEDGERENTRIES.LIST>
                            <ALLLEDGERENTRIES.LIST>
<LEDGERNAME>Input SGST 14%</LEDGERNAME>
<REMOVEZEROENTRIES>YES</REMOVEZEROENTRIES>
<LEDGERFROMITEM>NO</LEDGERFROMITEM>
<ISDEEMEDPOSITIVE>YES</ISDEEMEDPOSITIVE>
<AMOUNT>-2707.6</AMOUNT>
                            </ALLLEDGERENTRIES.LIST>
                            <ALLLEDGERENTRIES.LIST>
<LEDGERNAME>Cess</LEDGERNAME>
<REMOVEZEROENTRIES>YES</REMOVEZEROENTRIES>
<LEDGERFROMITEM>NO</LEDGERFROMITEM>
<ISDEEMEDPOSITIVE>YES</ISDEEMEDPOSITIVE>
<AMOUNT>-16896.0</AMOUNT>
                            </ALLLEDGERENTRIES.LIST>
                            <ALLLEDGERENTRIES.LIST>
<LEDGERNAME>R Off</LEDGERNAME>
<REMOVEZEROENTRIES>YES</REMOVEZEROENTRIES>
<LEDGERFROMITEM>NO</LEDGERFROMITEM>
<ISDEEMEDPOSITIVE>YES</ISDEEMEDPOSITIVE>
<AMOUNT>1.2</AMOUNT>
                            </ALLLEDGERENTRIES.LIST>
                        </VOUCHER>
                    </TALLYMESSAGE>
                </REQUESTDESC>
            </IMPORTDATA>
        </BODY>
    </ENVELOPE>
    <ENVELOPE>
        <HEADER>
            <TALLYREQUEST>IMPORT_DATA</TALLYREQUEST>
        </HEADER>
        <BODY>
            <IMPORTDATA>
                <REQUESTDESC>
                    <REPORTNAME>VOUCHERS</REPORTNAME>
                    <STATICVARIABLES>
                        <SVCURRENTCOMPANY>Karan Mewara - (from 1-Apr-2021)</SVCURRENTCOMPANY>
                    </STATICVARIABLES>
                </REQUESTDESC>
                <REQUESTDESC>
                    <TALLYMESSAGE>
                        <VOUCHER ACTION="CREATE" VCHTYPE="PURCHASE">
                            <VOUCHERTYPENAME>PURCHASE</VOUCHERTYPENAME>
                            <ISINVOICE>YES</ISINVOICE>
                            <DATE>20220928</DATE>
                            <REFERENCEDATE>20220928</REFERENCEDATE>
                            <REFERENCE>10999</REFERENCE>
                            <PARTYLEDGERNAME>Prakash Matchings</PARTYLEDGERNAME>
                            <NARRATION>Utils Import:Goods Purchase</NARRATION>
                            <EFFECTIVEDATE>20220928</EFFECTIVEDATE>
                            <ALLLEDGERENTRIES.LIST>
<LEDGERNAME>Prakash Matchings</LEDGERNAME>
<REMOVEZEROENTRIES>YES</REMOVEZEROENTRIES>
<LEDGERFROMITEM>NO</LEDGERFROMITEM>
<ISDEEMEDPOSITIVE>NO</ISDEEMEDPOSITIVE>
<AMOUNT>156144.0</AMOUNT>
                            </ALLLEDGERENTRIES.LIST>
                            <ALLLEDGERENTRIES.LIST>
<LEDGERNAME>Purchase 5%</LEDGERNAME>
<REMOVEZEROENTRIES>YES</REMOVEZEROENTRIES>
<LEDGERFROMITEM>NO</LEDGERFROMITEM>
<ISDEEMEDPOSITIVE>YES</ISDEEMEDPOSITIVE>
<AMOUNT>-148707.72</AMOUNT>
                            </ALLLEDGERENTRIES.LIST>
                            <ALLLEDGERENTRIES.LIST>
<LEDGERNAME>Input CGST 2.5%</LEDGERNAME>
<REMOVEZEROENTRIES>YES</REMOVEZEROENTRIES>
<LEDGERFROMITEM>NO</LEDGERFROMITEM>
<ISDEEMEDPOSITIVE>YES</ISDEEMEDPOSITIVE>
<AMOUNT>-3718.14</AMOUNT>
                            </ALLLEDGERENTRIES.LIST>
                            <ALLLEDGERENTRIES.LIST>
<LEDGERNAME>Input SGST 2.5%</LEDGERNAME>
<REMOVEZEROENTRIES>YES</REMOVEZEROENTRIES>
<LEDGERFROMITEM>NO</LEDGERFROMITEM>
<ISDEEMEDPOSITIVE>YES</ISDEEMEDPOSITIVE>
<AMOUNT>-3718.14</AMOUNT>
                            </ALLLEDGERENTRIES.LIST>
                        </VOUCHER>
                    </TALLYMESSAGE>
                </REQUESTDESC>
            </IMPORTDATA>
        </BODY>
    </ENVELOPE>
    <ENVELOPE>
        <HEADER>
            <TALLYREQUEST>IMPORT_DATA</TALLYREQUEST>
        </HEADER>
        <BODY>
            <IMPORTDATA>
                <REQUESTDESC>
                    <REPORTNAME>VOUCHERS</REPORTNAME>
                    <STATICVARIABLES>
                        <SVCURRENTCOMPANY>Karan Mewara - (from 1-Apr-2021)</SVCURRENTCOMPANY>
                    </STATICVARIABLES>
                </REQUESTDESC>
                <REQUESTDESC>
                    <TALLYMESSAGE>
                        <VOUCHER ACTION="CREATE" VCHTYPE="PURCHASE">
                            <VOUCHERTYPENAME>PURCHASE</VOUCHERTYPENAME>
                            <ISINVOICE>YES</ISINVOICE>
                            <DATE>20220928</DATE>
                            <REFERENCEDATE>20220928</REFERENCEDATE>
                            <REFERENCE>14757</REFERENCE>
                            <PARTYLEDGERNAME>Ramesh Collection</PARTYLEDGERNAME>
                            <NARRATION>Utils Import:Goods Purchase</NARRATION>
                            <EFFECTIVEDATE>20220928</EFFECTIVEDATE>
                            <ALLLEDGERENTRIES.LIST>
<LEDGERNAME>Ramesh Collection</LEDGERNAME>
<REMOVEZEROENTRIES>YES</REMOVEZEROENTRIES>
<LEDGERFROMITEM>NO</LEDGERFROMITEM>
<ISDEEMEDPOSITIVE>NO</ISDEEMEDPOSITIVE>
<AMOUNT>69775.0</AMOUNT>
                            </ALLLEDGERENTRIES.LIST>
                            <ALLLEDGERENTRIES.LIST>
<LEDGERNAME>Purchase 5%</LEDGERNAME>
<REMOVEZEROENTRIES>YES</REMOVEZEROENTRIES>
<LEDGERFROMITEM>NO</LEDGERFROMITEM>
<ISDEEMEDPOSITIVE>YES</ISDEEMEDPOSITIVE>
<AMOUNT>-66452.28</AMOUNT>
                            </ALLLEDGERENTRIES.LIST>
                            <ALLLEDGERENTRIES.LIST>
<LEDGERNAME>Input CGST 2.5%</LEDGERNAME>
<REMOVEZEROENTRIES>YES</REMOVEZEROENTRIES>
<LEDGERFROMITEM>NO</LEDGERFROMITEM>
<ISDEEMEDPOSITIVE>YES</ISDEEMEDPOSITIVE>
<AMOUNT>-1661.31</AMOUNT>
                            </ALLLEDGERENTRIES.LIST>
                            <ALLLEDGERENTRIES.LIST>
<LEDGERNAME>Input SGST 2.5%</LEDGERNAME>
<REMOVEZEROENTRIES>YES</REMOVEZEROENTRIES>
<LEDGERFROMITEM>NO</LEDGERFROMITEM>
<ISDEEMEDPOSITIVE>YES</ISDEEMEDPOSITIVE>
<AMOUNT>-1661.31</AMOUNT>
                            </ALLLEDGERENTRIES.LIST>
                            <ALLLEDGERENTRIES.LIST>
<LEDGERNAME>R Off</LEDGERNAME>
<REMOVEZEROENTRIES>YES</REMOVEZEROENTRIES>
<LEDGERFROMITEM>NO</LEDGERFROMITEM>
<ISDEEMEDPOSITIVE>YES</ISDEEMEDPOSITIVE>
<AMOUNT>-0.1</AMOUNT>
                            </ALLLEDGERENTRIES.LIST>
                        </VOUCHER>
                    </TALLYMESSAGE>
                </REQUESTDESC>
            </IMPORTDATA>
        </BODY>
    </ENVELOPE>
    <ENVELOPE>
        <HEADER>
            <TALLYREQUEST>IMPORT_DATA</TALLYREQUEST>
        </HEADER>
        <BODY>
            <IMPORTDATA>
                <REQUESTDESC>
                    <REPORTNAME>VOUCHERS</REPORTNAME>
                    <STATICVARIABLES>
                        <SVCURRENTCOMPANY>Karan Mewara - (from 1-Apr-2021)</SVCURRENTCOMPANY>
                    </STATICVARIABLES>
                </REQUESTDESC>
                <REQUESTDESC>
                    <TALLYMESSAGE>
                        <VOUCHER ACTION="CREATE" VCHTYPE="PURCHASE">
                            <VOUCHERTYPENAME>PURCHASE</VOUCHERTYPENAME>
                            <ISINVOICE>YES</ISINVOICE>
                            <DATE>20220928</DATE>
                            <REFERENCEDATE>20220928</REFERENCEDATE>
                            <REFERENCE>14761</REFERENCE>
                            <PARTYLEDGERNAME>Ramesh Collection</PARTYLEDGERNAME>
                            <NARRATION>Utils Import:Goods Purchase</NARRATION>
                            <EFFECTIVEDATE>20220928</EFFECTIVEDATE>
                            <ALLLEDGERENTRIES.LIST>
<LEDGERNAME>Ramesh Collection</LEDGERNAME>
<REMOVEZEROENTRIES>YES</REMOVEZEROENTRIES>
<LEDGERFROMITEM>NO</LEDGERFROMITEM>
<ISDEEMEDPOSITIVE>NO</ISDEEMEDPOSITIVE>
<AMOUNT>45893.0</AMOUNT>
                            </ALLLEDGERENTRIES.LIST>
                            <ALLLEDGERENTRIES.LIST>
<LEDGERNAME>Purchase Tax Free</LEDGERNAME>
<REMOVEZEROENTRIES>YES</REMOVEZEROENTRIES>
<LEDGERFROMITEM>NO</LEDGERFROMITEM>
<ISDEEMEDPOSITIVE>YES</ISDEEMEDPOSITIVE>
<AMOUNT>-1393.0</AMOUNT>
                            </ALLLEDGERENTRIES.LIST>
                            <ALLLEDGERENTRIES.LIST>
<LEDGERNAME>Purchase 5%</LEDGERNAME>
<REMOVEZEROENTRIES>YES</REMOVEZEROENTRIES>
<LEDGERFROMITEM>NO</LEDGERFROMITEM>
<ISDEEMEDPOSITIVE>YES</ISDEEMEDPOSITIVE>
<AMOUNT>-42380.56</AMOUNT>
                            </ALLLEDGERENTRIES.LIST>
                            <ALLLEDGERENTRIES.LIST>
<LEDGERNAME>Input CGST 2.5%</LEDGERNAME>
<REMOVEZEROENTRIES>YES</REMOVEZEROENTRIES>
<LEDGERFROMITEM>NO</LEDGERFROMITEM>
<ISDEEMEDPOSITIVE>YES</ISDEEMEDPOSITIVE>
<AMOUNT>-1059.51</AMOUNT>
                            </ALLLEDGERENTRIES.LIST>
                            <ALLLEDGERENTRIES.LIST>
<LEDGERNAME>Input SGST 2.5%</LEDGERNAME>
<REMOVEZEROENTRIES>YES</REMOVEZEROENTRIES>
<LEDGERFROMITEM>NO</LEDGERFROMITEM>
<ISDEEMEDPOSITIVE>YES</ISDEEMEDPOSITIVE>
<AMOUNT>-1059.51</AMOUNT>
                            </ALLLEDGERENTRIES.LIST>
                            <ALLLEDGERENTRIES.LIST>
<LEDGERNAME>R Off</LEDGERNAME>
<REMOVEZEROENTRIES>YES</REMOVEZEROENTRIES>
<LEDGERFROMITEM>NO</LEDGERFROMITEM>
<ISDEEMEDPOSITIVE>YES</ISDEEMEDPOSITIVE>
<AMOUNT>-0.42</AMOUNT>
                            </ALLLEDGERENTRIES.LIST>
                        </VOUCHER>
                    </TALLYMESSAGE>
                </REQUESTDESC>
            </IMPORTDATA>
        </BODY>
    </ENVELOPE>
    <ENVELOPE>
        <HEADER>
            <TALLYREQUEST>IMPORT_DATA</TALLYREQUEST>
        </HEADER>
        <BODY>
            <IMPORTDATA>
                <REQUESTDESC>
                    <REPORTNAME>VOUCHERS</REPORTNAME>
                    <STATICVARIABLES>
                        <SVCURRENTCOMPANY>Karan Mewara - (from 1-Apr-2021)</SVCURRENTCOMPANY>
                    </STATICVARIABLES>
                </REQUESTDESC>
                <REQUESTDESC>
                    <TALLYMESSAGE>
                        <VOUCHER ACTION="CREATE" VCHTYPE="PURCHASE">
                            <VOUCHERTYPENAME>PURCHASE</VOUCHERTYPENAME>
                            <ISINVOICE>YES</ISINVOICE>
                            <DATE>20220921</DATE>
                            <REFERENCEDATE>20220921</REFERENCEDATE>
                            <REFERENCE>245/2022-23</REFERENCE>
                            <PARTYLEDGERNAME>Shree Sai Traders</PARTYLEDGERNAME>
                            <NARRATION>Utils Import:Goods Purchase</NARRATION>
                            <EFFECTIVEDATE>20220921</EFFECTIVEDATE>
                            <ALLLEDGERENTRIES.LIST>
<LEDGERNAME>Shree Sai Traders</LEDGERNAME>
<REMOVEZEROENTRIES>YES</REMOVEZEROENTRIES>
<LEDGERFROMITEM>NO</LEDGERFROMITEM>
<ISDEEMEDPOSITIVE>NO</ISDEEMEDPOSITIVE>
<AMOUNT>26376.0</AMOUNT>
                            </ALLLEDGERENTRIES.LIST>
                            <ALLLEDGERENTRIES.LIST>
<LEDGERNAME>Purchase 5%</LEDGERNAME>
<REMOVEZEROENTRIES>YES</REMOVEZEROENTRIES>
<LEDGERFROMITEM>NO</LEDGERFROMITEM>
<ISDEEMEDPOSITIVE>YES</ISDEEMEDPOSITIVE>
<AMOUNT>-25120.0</AMOUNT>
                            </ALLLEDGERENTRIES.LIST>
                            <ALLLEDGERENTRIES.LIST>
<LEDGERNAME>Input CGST 2.5%</LEDGERNAME>
<REMOVEZEROENTRIES>YES</REMOVEZEROENTRIES>
<LEDGERFROMITEM>NO</LEDGERFROMITEM>
<ISDEEMEDPOSITIVE>YES</ISDEEMEDPOSITIVE>
<AMOUNT>-628.0</AMOUNT>
                            </ALLLEDGERENTRIES.LIST>
                            <ALLLEDGERENTRIES.LIST>
<LEDGERNAME>Input SGST 2.5%</LEDGERNAME>
<REMOVEZEROENTRIES>YES</REMOVEZEROENTRIES>
<LEDGERFROMITEM>NO</LEDGERFROMITEM>
<ISDEEMEDPOSITIVE>YES</ISDEEMEDPOSITIVE>
<AMOUNT>-628.0</AMOUNT>
                            </ALLLEDGERENTRIES.LIST>
                        </VOUCHER>
                    </TALLYMESSAGE>
                </REQUESTDESC>
            </IMPORTDATA>
        </BODY>
    </ENVELOPE>
    <ENVELOPE>
        <HEADER>
            <TALLYREQUEST>IMPORT_DATA</TALLYREQUEST>
        </HEADER>
        <BODY>
            <IMPORTDATA>
                <REQUESTDESC>
                    <REPORTNAME>VOUCHERS</REPORTNAME>
                    <STATICVARIABLES>
                        <SVCURRENTCOMPANY>Karan Mewara - (from 1-Apr-2021)</SVCURRENTCOMPANY>
                    </STATICVARIABLES>
                </REQUESTDESC>
                <REQUESTDESC>
                    <TALLYMESSAGE>
                        <VOUCHER ACTION="CREATE" VCHTYPE="PURCHASE">
                            <VOUCHERTYPENAME>PURCHASE</VOUCHERTYPENAME>
                            <ISINVOICE>YES</ISINVOICE>
                            <DATE>20220930</DATE>
                            <REFERENCEDATE>20220930</REFERENCEDATE>
                            <REFERENCE>289/2022-23</REFERENCE>
                            <PARTYLEDGERNAME>Shree Sai Traders</PARTYLEDGERNAME>
                            <NARRATION>Utils Import:Goods Purchase</NARRATION>
                            <EFFECTIVEDATE>20220930</EFFECTIVEDATE>
                            <ALLLEDGERENTRIES.LIST>
<LEDGERNAME>Shree Sai Traders</LEDGERNAME>
<REMOVEZEROENTRIES>YES</REMOVEZEROENTRIES>
<LEDGERFROMITEM>NO</LEDGERFROMITEM>
<ISDEEMEDPOSITIVE>NO</ISDEEMEDPOSITIVE>
<AMOUNT>38346.0</AMOUNT>
                            </ALLLEDGERENTRIES.LIST>
                            <ALLLEDGERENTRIES.LIST>
<LEDGERNAME>Purchase 5%</LEDGERNAME>
<REMOVEZEROENTRIES>YES</REMOVEZEROENTRIES>
<LEDGERFROMITEM>NO</LEDGERFROMITEM>
<ISDEEMEDPOSITIVE>YES</ISDEEMEDPOSITIVE>
<AMOUNT>-36520.0</AMOUNT>
                            </ALLLEDGERENTRIES.LIST>
                            <ALLLEDGERENTRIES.LIST>
<LEDGERNAME>Input CGST 2.5%</LEDGERNAME>
<REMOVEZEROENTRIES>YES</REMOVEZEROENTRIES>
<LEDGERFROMITEM>NO</LEDGERFROMITEM>
<ISDEEMEDPOSITIVE>YES</ISDEEMEDPOSITIVE>
<AMOUNT>-913.0</AMOUNT>
                            </ALLLEDGERENTRIES.LIST>
                            <ALLLEDGERENTRIES.LIST>
<LEDGERNAME>Input SGST 2.5%</LEDGERNAME>
<REMOVEZEROENTRIES>YES</REMOVEZEROENTRIES>
<LEDGERFROMITEM>NO</LEDGERFROMITEM>
<ISDEEMEDPOSITIVE>YES</ISDEEMEDPOSITIVE>
<AMOUNT>-913.0</AMOUNT>
                            </ALLLEDGERENTRIES.LIST>
                        </VOUCHER>
                    </TALLYMESSAGE>
                </REQUESTDESC>
            </IMPORTDATA>
        </BODY>
    </ENVELOPE>
    <ENVELOPE>
        <HEADER>
            <TALLYREQUEST>IMPORT_DATA</TALLYREQUEST>
        </HEADER>
        <BODY>
            <IMPORTDATA>
                <REQUESTDESC>
                    <REPORTNAME>VOUCHERS</REPORTNAME>
                    <STATICVARIABLES>
                        <SVCURRENTCOMPANY>Karan Mewara - (from 1-Apr-2021)</SVCURRENTCOMPANY>
                    </STATICVARIABLES>
                </REQUESTDESC>
                <REQUESTDESC>
                    <TALLYMESSAGE>
                        <VOUCHER ACTION="CREATE" VCHTYPE="PURCHASE">
                            <VOUCHERTYPENAME>PURCHASE</VOUCHERTYPENAME>
                            <ISINVOICE>YES</ISINVOICE>
                            <DATE>20220928</DATE>
                            <REFERENCEDATE>20220928</REFERENCEDATE>
                            <REFERENCE>14452022-23</REFERENCE>
                            <PARTYLEDGERNAME>Gurukripa Cloth Store</PARTYLEDGERNAME>
                            <NARRATION>Utils Import:Goods Purchase</NARRATION>
                            <EFFECTIVEDATE>20220928</EFFECTIVEDATE>
                            <ALLLEDGERENTRIES.LIST>
<LEDGERNAME>Gurukripa Cloth Store</LEDGERNAME>
<REMOVEZEROENTRIES>YES</REMOVEZEROENTRIES>
<LEDGERFROMITEM>NO</LEDGERFROMITEM>
<ISDEEMEDPOSITIVE>NO</ISDEEMEDPOSITIVE>
<AMOUNT>37027.0</AMOUNT>
                            </ALLLEDGERENTRIES.LIST>
                            <ALLLEDGERENTRIES.LIST>
<LEDGERNAME>Purchase 5%</LEDGERNAME>
<REMOVEZEROENTRIES>YES</REMOVEZEROENTRIES>
<LEDGERFROMITEM>NO</LEDGERFROMITEM>
<ISDEEMEDPOSITIVE>YES</ISDEEMEDPOSITIVE>
<AMOUNT>-35263.55</AMOUNT>
                            </ALLLEDGERENTRIES.LIST>
                            <ALLLEDGERENTRIES.LIST>
<LEDGERNAME>Input CGST 2.5%</LEDGERNAME>
<REMOVEZEROENTRIES>YES</REMOVEZEROENTRIES>
<LEDGERFROMITEM>NO</LEDGERFROMITEM>
<ISDEEMEDPOSITIVE>YES</ISDEEMEDPOSITIVE>
<AMOUNT>-881.56</AMOUNT>
                            </ALLLEDGERENTRIES.LIST>
                            <ALLLEDGERENTRIES.LIST>
<LEDGERNAME>Input SGST 2.5%</LEDGERNAME>
<REMOVEZEROENTRIES>YES</REMOVEZEROENTRIES>
<LEDGERFROMITEM>NO</LEDGERFROMITEM>
<ISDEEMEDPOSITIVE>YES</ISDEEMEDPOSITIVE>
<AMOUNT>-881.56</AMOUNT>
                            </ALLLEDGERENTRIES.LIST>
                            <ALLLEDGERENTRIES.LIST>
<LEDGERNAME>R Off</LEDGERNAME>
<REMOVEZEROENTRIES>YES</REMOVEZEROENTRIES>
<LEDGERFROMITEM>NO</LEDGERFROMITEM>
<ISDEEMEDPOSITIVE>YES</ISDEEMEDPOSITIVE>
<AMOUNT>-0.33</AMOUNT>
                            </ALLLEDGERENTRIES.LIST>
                        </VOUCHER>
                    </TALLYMESSAGE>
                </REQUESTDESC>
            </IMPORTDATA>
        </BODY>
    </ENVELOPE>
</DATA>
